


<record>
  <leader>     cx  b22     3  45  </leader>
  <controlfield tag="001">026402696</controlfield>
  <controlfield tag="003">http://www.idref.fr/026402696</controlfield>
  <controlfield tag="004">19831121</controlfield>
  <controlfield tag="005">20180621030645.000</controlfield>
  <controlfield tag="006">0004</controlfield>
  <controlfield tag="007">4994</controlfield>
  <controlfield tag="008">Tb5</controlfield>
  <datafield tag="010" ind1=" " ind2=" ">
    <subfield code="a">0000000122914215</subfield>
    <subfield code="2">BNF</subfield>
    <subfield code="d">20180619</subfield>
  </datafield>
  <datafield tag="033" ind1=" " ind2=" ">
    <subfield code="a">http://catalogue.bnf.fr/ark:/12148/cb11865674b</subfield>
    <subfield code="2">BNF</subfield>
    <subfield code="d">20150918</subfield>
  </datafield>
  <datafield tag="035" ind1=" " ind2=" ">
    <subfield code="a">027283887</subfield>
    <subfield code="9">sudoc</subfield>
  </datafield>
  <datafield tag="035" ind1=" " ind2=" ">
    <subfield code="a">frBN000036480</subfield>
  </datafield>
  <datafield tag="035" ind1=" " ind2=" ">
    <subfield code="a">frBN001575986</subfield>
  </datafield>
  <datafield tag="035" ind1=" " ind2=" ">
    <subfield code="a">FRBNF118656746</subfield>
    <subfield code="z">FRBNF11865674</subfield>
  </datafield>
  <datafield tag="100" ind1=" " ind2=" ">
    <subfield code="a">19831121afrey50      ba0</subfield>
  </datafield>
  <datafield tag="101" ind1=" " ind2=" ">
    <subfield code="a">mul</subfield>
  </datafield>
  <datafield tag="102" ind1=" " ind2=" ">
    <subfield code="a">ZZ</subfield>
  </datafield>
  <datafield tag="103" ind1=" " ind2=" ">
    <subfield code="a"> 19451116 </subfield>
  </datafield>
  <datafield tag="106" ind1=" " ind2=" ">
    <subfield code="a">0</subfield>
    <subfield code="b">1</subfield>
    <subfield code="c">1</subfield>
  </datafield>
  <datafield tag="150" ind1=" " ind2=" ">
    <subfield code="a">f</subfield>
  </datafield>
  <datafield tag="152" ind1=" " ind2=" ">
    <subfield code="a">AFNOR</subfield>
  </datafield>
  <datafield tag="210" ind1="0" ind2="2">
    <subfield code="7">ba0yba0y</subfield>
    <subfield code="9">0</subfield>
    <subfield code="a">Unesco</subfield>
  </datafield>
  <datafield tag="340" ind1=" " ind2=" ">
    <subfield code="7">ba0yba0y</subfield>
    <subfield code="a">Adresse : 7 place Fontenoy, 75007 Paris. Contact : 01 45 68 10 00. Site internet de la collectivité : http://fr.unesco.org</subfield>
  </datafield>
  <datafield tag="340" ind1=" " ind2=" ">
    <subfield code="7">ba0yba0y</subfield>
    <subfield code="a">Créée le 16 novembre 1945 à Londres. Reprend les activités de l&apos;Institut international de coopération intellectuelle, fondé le 9-8-1925</subfield>
  </datafield>
  <datafield tag="410" ind1="0" ind2="2">
    <subfield code="7">ba0yba0y</subfield>
    <subfield code="9">#</subfield>
    <subfield code="a">Iounesco</subfield>
  </datafield>
  <datafield tag="410" ind1="0" ind2="2">
    <subfield code="7">ba0yba0y</subfield>
    <subfield code="9">#</subfield>
    <subfield code="a">Organisation des Nations Unies pour l&apos;éducation, la science et la culture</subfield>
  </datafield>
  <datafield tag="410" ind1="0" ind2="2">
    <subfield code="7">ba0yba0y</subfield>
    <subfield code="9">#</subfield>
    <subfield code="a">Organización de las Naciones Unidas para la educación, la ciencia y la cultura</subfield>
  </datafield>
  <datafield tag="410" ind1="0" ind2="2">
    <subfield code="7">ba0yba0y</subfield>
    <subfield code="9">#</subfield>
    <subfield code="a">United Nations educational, scientific and cultural organization</subfield>
  </datafield>
  <datafield tag="410" ind1="0" ind2="2">
    <subfield code="7">ba0yba0y</subfield>
    <subfield code="9">#</subfield>
    <subfield code="a">Lian he guo jiao ke wen zu zhi</subfield>
  </datafield>
  <datafield tag="410" ind1="0" ind2="2">
    <subfield code="7">ba0yba0y</subfield>
    <subfield code="9">#</subfield>
    <subfield code="a">Lianheguo jiao ke wen zuzhi</subfield>
  </datafield>
  <datafield tag="410" ind1="0" ind2="2">
    <subfield code="7">ba0yba0y</subfield>
    <subfield code="9">#</subfield>
    <subfield code="a">Organisation des Nations Unies pour l&apos;éducation, la science et la culture</subfield>
    <subfield code="c">Paris</subfield>
  </datafield>
  <datafield tag="510" ind1="0" ind2="2">
    <subfield code="0">Voir aussi</subfield>
    <subfield code="3">150339925</subfield>
    <subfield code="7">ba0yba0y</subfield>
    <subfield code="a">Maison de l&apos;Unesco</subfield>
    <subfield code="c">Paris</subfield>
  </datafield>
  <datafield tag="510" ind1="0" ind2="2">
    <subfield code="0">Voir aussi</subfield>
    <subfield code="3">055840396</subfield>
    <subfield code="7">ba0yba0y</subfield>
    <subfield code="a">Institut international de coopération intellectuelle</subfield>
  </datafield>
  <datafield tag="510" ind1="0" ind2="2">
    <subfield code="0">Voir aussi</subfield>
    <subfield code="3">02647560X</subfield>
    <subfield code="7">ba0yba0y</subfield>
    <subfield code="a">Centre international de mathématiques pures et appliquées</subfield>
  </datafield>
  <datafield tag="515" ind1=" " ind2=" ">
    <subfield code="3">027829642</subfield>
    <subfield code="5">u|xxx</subfield>
    <subfield code="7">ba0yba0y</subfield>
    <subfield code="a">Paris (France)</subfield>
    <subfield code="x">Maison de l&apos;Unesco</subfield>
  </datafield>
  <datafield tag="550" ind1=" " ind2=" ">
    <subfield code="3">027612961</subfield>
    <subfield code="5">u|xxx</subfield>
    <subfield code="7">ba0yba0y</subfield>
    <subfield code="a">Aide à l&apos;éducation</subfield>
  </datafield>
  <datafield tag="801" ind1=" " ind2="3">
    <subfield code="a">FR</subfield>
    <subfield code="b">Abes</subfield>
    <subfield code="c">20180621</subfield>
    <subfield code="g">AFNOR</subfield>
    <subfield code="h">027283887</subfield>
  </datafield>
  <datafield tag="810" ind1=" " ind2=" ">
    <subfield code="a">YIO</subfield>
  </datafield>
  <datafield tag="810" ind1=" " ind2=" ">
    <subfield code="a">L&apos;Organisation des grands chantiers/Séminaire organisé avec la coopération de l&apos;UNESCO;par le Collège international des sciences de la construction à Saint-Rémy-lès-Chevreuse (France), du 6 au 8 décembre 1983, DL 1985, cop. 1985</subfield>
  </datafield>
  <datafield tag="910" ind1=" " ind2=" ">
    <subfield code="a">Unesco</subfield>
  </datafield>
  <datafield tag="911" ind1=" " ind2=" ">
    <subfield code="a">Iounesco</subfield>
  </datafield>
  <datafield tag="911" ind1=" " ind2=" ">
    <subfield code="a">Organisation des Nations Unies pour l&apos;éducation, la science et la culture</subfield>
  </datafield>
  <datafield tag="911" ind1=" " ind2=" ">
    <subfield code="a">Organización de las Naciones Unidas para la educación, la ciencia y la cultura</subfield>
  </datafield>
  <datafield tag="911" ind1=" " ind2=" ">
    <subfield code="a">United Nations educational, scientific and cultural organization</subfield>
  </datafield>
  <datafield tag="911" ind1=" " ind2=" ">
    <subfield code="a">Lian he guo jiao ke wen zu zhi</subfield>
  </datafield>
  <datafield tag="911" ind1=" " ind2=" ">
    <subfield code="a">Lianheguo jiao ke wen zuzhi</subfield>
  </datafield>
  <datafield tag="911" ind1=" " ind2=" ">
    <subfield code="a">Organisation des Nations Unies pour l&apos;éducation, la science et la culture (Paris)</subfield>
  </datafield>
</record>