


<record>
  <leader>     cx  b22     3  45  </leader>
  <controlfield tag="001">026405733</controlfield>
  <controlfield tag="003">http://www.idref.fr/026405733</controlfield>
  <controlfield tag="004">19840731</controlfield>
  <controlfield tag="005">20160919170454.000</controlfield>
  <controlfield tag="006">0004</controlfield>
  <controlfield tag="007">751050013</controlfield>
  <controlfield tag="008">Tb5</controlfield>
  <datafield tag="033" ind1=" " ind2=" ">
    <subfield code="a">http://catalogue.bnf.fr/ark:/12148/cb11865898w</subfield>
    <subfield code="2">BNF</subfield>
    <subfield code="d">20150918</subfield>
  </datafield>
  <datafield tag="035" ind1=" " ind2=" ">
    <subfield code="a">frBN000038798</subfield>
  </datafield>
  <datafield tag="035" ind1=" " ind2=" ">
    <subfield code="a">FRBNF118658989</subfield>
    <subfield code="z">FRBNF11865898</subfield>
  </datafield>
  <datafield tag="100" ind1=" " ind2=" ">
    <subfield code="a">19840731afrey50      ba0</subfield>
  </datafield>
  <datafield tag="101" ind1=" " ind2=" ">
    <subfield code="a">mul</subfield>
  </datafield>
  <datafield tag="102" ind1=" " ind2=" ">
    <subfield code="a">YU</subfield>
  </datafield>
  <datafield tag="103" ind1=" " ind2=" ">
    <subfield code="a"> 1918     </subfield>
    <subfield code="b"> 19920115 </subfield>
  </datafield>
  <datafield tag="106" ind1=" " ind2=" ">
    <subfield code="a">0</subfield>
    <subfield code="b">#</subfield>
  </datafield>
  <datafield tag="150" ind1=" " ind2=" ">
    <subfield code="a">a</subfield>
  </datafield>
  <datafield tag="152" ind1=" " ind2=" ">
    <subfield code="a">AFNOR</subfield>
  </datafield>
  <datafield tag="210" ind1="0" ind2=" ">
    <subfield code="7">ba0yba0y</subfield>
    <subfield code="9">1</subfield>
    <subfield code="a">Yougoslavie</subfield>
  </datafield>
  <datafield tag="300" ind1="0" ind2=" ">
    <subfield code="7">ba0yba0y</subfield>
    <subfield code="a">République fédérative depuis 1945 ; langues officielles serbo-croate, macédonien et slovène ; le serbo-croate n&apos;est pas codé par l&apos;ISO</subfield>
  </datafield>
  <datafield tag="340" ind1=" " ind2=" ">
    <subfield code="7">ba0yba0y</subfield>
    <subfield code="a">État de l&apos;Europe du Sud-Est ayant existé différemment entre 1918 et 1992 et ayant regroupé les actuels pays de Slovénie, Croatie, Bosnie-Herzégovine, Monténégro, Serbie, Macédoine, ainsi que le Kosovo, région autonome de la Serbie dont l&apos;indépendance auto-proclamée le 17 février 2008 n&apos;est reconnue que partiellement par la communauté internationale. - La première Yougoslavie, &quot;Royaume des Serbes, Croates et Slovènes&quot;, fut une monarchie fondée le 1er décembre 1918 par Pierre Ier de Serbie jusqu&apos;au 17 avril 1941. - La seconde Yougoslavie : &quot;République fédérative populaire de Yougoslavie&quot;, fut une république fédérale ou &quot;Fédération démocratique de Yougoslavie&quot;, fondée le 29 novembre 1943 puis devenue entre février 1945-1950 &quot;République fédérative populaire de Yougoslavie&quot;. - La &quot;République fédérative socialiste de Yougoslavie&quot; a été proclamée en 1963 et a survécu jusqu&apos;au 15 janvier 1992, date à laquelle quatre de ses républiques fédérées firent sécession : la Slovénie, la Croatie, la Bosnie-Herzégovine et la Macédoine. - La troisième Yougoslavie fut un État fédéral constitué en 1992 sur le territoire de la &quot;Serbie&quot; incluant les territoires de la Voïvodine, du Kosovo et du Monténégro</subfield>
  </datafield>
  <datafield tag="410" ind1="0" ind2="2">
    <subfield code="7">ba0yba0y</subfield>
    <subfield code="9">#</subfield>
    <subfield code="a">Yugoslavia</subfield>
  </datafield>
  <datafield tag="410" ind1="0" ind2="2">
    <subfield code="7">ba0yba0y</subfield>
    <subfield code="a">République fédérative populaire de Yougoslavie</subfield>
  </datafield>
  <datafield tag="410" ind1="0" ind2="2">
    <subfield code="7">ba0yba0y</subfield>
    <subfield code="a">République fédérative socialiste de Yougoslavie</subfield>
  </datafield>
  <datafield tag="510" ind1="0" ind2="2">
    <subfield code="0">Avant 1929, voir</subfield>
    <subfield code="3">028024567</subfield>
    <subfield code="5">a|xxx</subfield>
    <subfield code="7">ba0yba0y</subfield>
    <subfield code="a">Royaume des Serbes, Croates et Slovènes</subfield>
  </datafield>
  <datafield tag="510" ind1="0" ind2="2">
    <subfield code="0">Antérieurement, voir :</subfield>
    <subfield code="5">a|xxx</subfield>
    <subfield code="7">ba0yba0y</subfield>
    <subfield code="a">Yougoslavie (Royaume)</subfield>
  </datafield>
  <datafield tag="510" ind1="0" ind2="2">
    <subfield code="0">Après le 15 janvier 1992, voir :</subfield>
    <subfield code="5">b|xxx</subfield>
    <subfield code="7">ba0yba0y</subfield>
    <subfield code="a">Communauté d&apos;États Serbie-et-Monténégro</subfield>
  </datafield>
  <datafield tag="510" ind1="0" ind2="2">
    <subfield code="0">Après le 03 mars 1992, voir :</subfield>
    <subfield code="5">b|xxx</subfield>
    <subfield code="7">ba0yba0y</subfield>
    <subfield code="a">Bosnie-Herzégovine</subfield>
  </datafield>
  <datafield tag="510" ind1="0" ind2="2">
    <subfield code="0">Après le 08 septembre 1991, voir :</subfield>
    <subfield code="3">153588349</subfield>
    <subfield code="5">b|xxx</subfield>
    <subfield code="7">ba0yba0y</subfield>
    <subfield code="a">Macédoine</subfield>
    <subfield code="c">République</subfield>
  </datafield>
  <datafield tag="510" ind1="0" ind2="2">
    <subfield code="0">Après le 25 juin 1991, voir :</subfield>
    <subfield code="3">031517765</subfield>
    <subfield code="5">b|xxx</subfield>
    <subfield code="7">ba0yba0y</subfield>
    <subfield code="a">Slovénie</subfield>
  </datafield>
  <datafield tag="510" ind1="0" ind2="2">
    <subfield code="0">Après le 25 juin 1991, voir :</subfield>
    <subfield code="3">154019917</subfield>
    <subfield code="5">b|xxx</subfield>
    <subfield code="7">ba0yba0y</subfield>
    <subfield code="a">Croatie</subfield>
  </datafield>
  <datafield tag="510" ind1="0" ind2="2">
    <subfield code="0">Après le 21 mai 2006, voir :</subfield>
    <subfield code="5">b|xxx</subfield>
    <subfield code="7">ba0yba0y</subfield>
    <subfield code="a">Monténégro</subfield>
  </datafield>
  <datafield tag="510" ind1="0" ind2="2">
    <subfield code="0">Après le 21 mai 2006, voir :</subfield>
    <subfield code="3">029751462</subfield>
    <subfield code="5">b|xxx</subfield>
    <subfield code="7">ba0yba0y</subfield>
    <subfield code="a">Serbie</subfield>
  </datafield>
  <datafield tag="710" ind1="0" ind2=" ">
    <subfield code="7">ba0yba0y</subfield>
    <subfield code="9">0</subfield>
    <subfield code="a">Jugoslavija</subfield>
  </datafield>
  <datafield tag="801" ind1=" " ind2="3">
    <subfield code="a">FR</subfield>
    <subfield code="b">Abes</subfield>
    <subfield code="c">20160919</subfield>
    <subfield code="g">AFNOR</subfield>
  </datafield>
  <datafield tag="810" ind1=" " ind2=" ">
    <subfield code="a">Liste IFLA des noms d&apos;Etats. S.Y. 1982-83</subfield>
  </datafield>
  <datafield tag="910" ind1=" " ind2=" ">
    <subfield code="a">Yougoslavie</subfield>
  </datafield>
  <datafield tag="911" ind1=" " ind2=" ">
    <subfield code="a">Yugoslavia</subfield>
  </datafield>
  <datafield tag="911" ind1=" " ind2=" ">
    <subfield code="a">République fédérative populaire de Yougoslavie</subfield>
  </datafield>
  <datafield tag="911" ind1=" " ind2=" ">
    <subfield code="a">République fédérative socialiste de Yougoslavie</subfield>
  </datafield>
  <datafield tag="912" ind1=" " ind2=" ">
    <subfield code="a">Jugoslavija</subfield>
  </datafield>
</record>