


<record>
  <leader>     cx  b22     3  45  </leader>
  <controlfield tag="001">026564122</controlfield>
  <controlfield tag="003">http://www.idref.fr/026564122</controlfield>
  <controlfield tag="004">19780206</controlfield>
  <controlfield tag="005">20150929104045.000</controlfield>
  <controlfield tag="006">0004</controlfield>
  <controlfield tag="007">4994</controlfield>
  <controlfield tag="008">Tb5</controlfield>
  <datafield tag="010" ind1=" " ind2=" ">
    <subfield code="a">0000000122647962</subfield>
    <subfield code="2">BNF</subfield>
    <subfield code="d">20150918</subfield>
  </datafield>
  <datafield tag="033" ind1=" " ind2=" ">
    <subfield code="a">http://catalogue.bnf.fr/ark:/12148/cb11878768m</subfield>
    <subfield code="2">BNF</subfield>
    <subfield code="d">20150918</subfield>
  </datafield>
  <datafield tag="035" ind1=" " ind2=" ">
    <subfield code="a">frBN00027118X</subfield>
  </datafield>
  <datafield tag="035" ind1=" " ind2=" ">
    <subfield code="a">FRBNF118787681</subfield>
    <subfield code="z">FRBNF11878768</subfield>
  </datafield>
  <datafield tag="100" ind1=" " ind2=" ">
    <subfield code="a">19780206afrey50      ba0</subfield>
  </datafield>
  <datafield tag="101" ind1=" " ind2=" ">
    <subfield code="a">fre</subfield>
  </datafield>
  <datafield tag="102" ind1=" " ind2=" ">
    <subfield code="a">FR</subfield>
  </datafield>
  <datafield tag="106" ind1=" " ind2=" ">
    <subfield code="a">0</subfield>
    <subfield code="b">1</subfield>
    <subfield code="c">0</subfield>
  </datafield>
  <datafield tag="150" ind1=" " ind2=" ">
    <subfield code="a">d</subfield>
  </datafield>
  <datafield tag="152" ind1=" " ind2=" ">
    <subfield code="a">AFNOR</subfield>
    <subfield code="b">rameau</subfield>
  </datafield>
  <datafield tag="210" ind1="0" ind2="1">
    <subfield code="7">ba0yba0y</subfield>
    <subfield code="8">frefre</subfield>
    <subfield code="9">0</subfield>
    <subfield code="a">Toulouse</subfield>
  </datafield>
  <datafield tag="300" ind1=" " ind2=" ">
    <subfield code="7">ba0yba0y</subfield>
    <subfield code="a">Hôtel de ville : 17 rue de Rémusat, 31000 Toulouse. Contact : 05 61 22 29 22</subfield>
  </datafield>
  <datafield tag="340" ind1=" " ind2=" ">
    <subfield code="7">ba0yba0y</subfield>
    <subfield code="a">Hôtel de ville Place du Capitole 31000 Toulouse</subfield>
  </datafield>
  <datafield tag="410" ind1="0" ind2="2">
    <subfield code="7">ba0yba0y</subfield>
    <subfield code="9">#</subfield>
    <subfield code="a">Hôtel de ville de Toulouse</subfield>
    <subfield code="c">Mairie</subfield>
  </datafield>
  <datafield tag="410" ind1="0" ind2="2">
    <subfield code="7">ba0yba0y</subfield>
    <subfield code="9">#</subfield>
    <subfield code="a">Mairie de Toulouse</subfield>
    <subfield code="b">France</subfield>
  </datafield>
  <datafield tag="410" ind1="0" ind2="1">
    <subfield code="7">ba0yba0y</subfield>
    <subfield code="9">#</subfield>
    <subfield code="a">Toulouse</subfield>
    <subfield code="b">Mairie</subfield>
    <subfield code="c">Toulouse, France</subfield>
  </datafield>
  <datafield tag="410" ind1="0" ind2="1">
    <subfield code="7">ba0yba0y</subfield>
    <subfield code="9">#</subfield>
    <subfield code="a">Toulouse (France ; Mairie)</subfield>
    <subfield code="x">Hôtel de ville</subfield>
  </datafield>
  <datafield tag="801" ind1=" " ind2="3">
    <subfield code="a">FR</subfield>
    <subfield code="b">Abes</subfield>
    <subfield code="c">20150929</subfield>
    <subfield code="g">AFNOR</subfield>
  </datafield>
  <datafield tag="810" ind1=" " ind2=" ">
    <subfield code="a">Dict. des communes 1984</subfield>
  </datafield>
  <datafield tag="810" ind1=" " ind2=" ">
    <subfield code="a">Recueil des actes administratifs / Mairie de Toulouse, 1993</subfield>
  </datafield>
  <datafield tag="810" ind1=" " ind2=" ">
    <subfield code="a">Internet : http://www.toulouse.fr/, consulté le 19-11-2013</subfield>
  </datafield>
  <datafield tag="910" ind1=" " ind2=" ">
    <subfield code="a">Toulouse</subfield>
  </datafield>
  <datafield tag="911" ind1=" " ind2=" ">
    <subfield code="a">Hôtel de ville de Toulouse (Mairie)</subfield>
  </datafield>
  <datafield tag="911" ind1=" " ind2=" ">
    <subfield code="a">Mairie de Toulouse. France</subfield>
  </datafield>
  <datafield tag="911" ind1=" " ind2=" ">
    <subfield code="a">Toulouse. Mairie (Toulouse, France)</subfield>
  </datafield>
  <datafield tag="911" ind1=" " ind2=" ">
    <subfield code="a">Toulouse (France ; Mairie) -- Hôtel de ville</subfield>
  </datafield>
</record>