


<record>
  <leader>     cx  b22     3  45  </leader>
  <controlfield tag="001">027214532</controlfield>
  <controlfield tag="003">http://www.idref.fr/027214532</controlfield>
  <controlfield tag="004">19850623</controlfield>
  <controlfield tag="005">20150929113900.000</controlfield>
  <controlfield tag="006">0004</controlfield>
  <controlfield tag="007">4994</controlfield>
  <controlfield tag="008">Tb5</controlfield>
  <datafield tag="033" ind1=" " ind2=" ">
    <subfield code="a">http://catalogue.bnf.fr/ark:/12148/cb119305256</subfield>
    <subfield code="2">BNF</subfield>
    <subfield code="d">20150918</subfield>
  </datafield>
  <datafield tag="035" ind1=" " ind2=" ">
    <subfield code="a">frBN001509908</subfield>
  </datafield>
  <datafield tag="035" ind1=" " ind2=" ">
    <subfield code="a">FRBNF119305255</subfield>
    <subfield code="z">FRBNF11930525</subfield>
  </datafield>
  <datafield tag="100" ind1=" " ind2=" ">
    <subfield code="a">19850623afrey50      ba0</subfield>
  </datafield>
  <datafield tag="101" ind1=" " ind2=" ">
    <subfield code="a">eng</subfield>
  </datafield>
  <datafield tag="102" ind1=" " ind2=" ">
    <subfield code="a">US</subfield>
  </datafield>
  <datafield tag="103" ind1=" " ind2=" ">
    <subfield code="a"> 1920     </subfield>
    <subfield code="b"> 19770804 </subfield>
  </datafield>
  <datafield tag="106" ind1=" " ind2=" ">
    <subfield code="a">0</subfield>
    <subfield code="b">#</subfield>
  </datafield>
  <datafield tag="150" ind1=" " ind2=" ">
    <subfield code="a">a</subfield>
  </datafield>
  <datafield tag="152" ind1=" " ind2=" ">
    <subfield code="a">AFNOR</subfield>
  </datafield>
  <datafield tag="210" ind1="0" ind2=" ">
    <subfield code="7">ba0yba0y</subfield>
    <subfield code="9">0</subfield>
    <subfield code="a">États-Unis</subfield>
    <subfield code="b">Federal power commission</subfield>
  </datafield>
  <datafield tag="340" ind1=" " ind2=" ">
    <subfield code="7">ba0yba0y</subfield>
    <subfield code="a">La Federal Power Commission a été créée en 1920 par le Federal Power Act, qui prévoyait l&apos;octroi de licences par la FPC des projets hydroélectriques sur les terres ou des eaux navigables appartenant au gouvernement fédéral. La FPC a depuis été remplacée Federal Energy Regulatory Commission, Department of Energy Organization en 1977</subfield>
  </datafield>
  <datafield tag="410" ind1="0" ind2="1">
    <subfield code="7">ba0yba0y</subfield>
    <subfield code="9">#</subfield>
    <subfield code="a">United States</subfield>
    <subfield code="b">Federal power commission</subfield>
  </datafield>
  <datafield tag="410" ind1="0" ind2="2">
    <subfield code="7">ba0yba0y</subfield>
    <subfield code="9">#</subfield>
    <subfield code="a">FPC</subfield>
  </datafield>
  <datafield tag="410" ind1="0" ind2="1">
    <subfield code="7">ba0yba0y</subfield>
    <subfield code="9">#</subfield>
    <subfield code="a">United States</subfield>
    <subfield code="b">FPC</subfield>
  </datafield>
  <datafield tag="410" ind1="0" ind2="1">
    <subfield code="7">ba0yba0y</subfield>
    <subfield code="9">#</subfield>
    <subfield code="a">États-Unis</subfield>
    <subfield code="b">FPC</subfield>
  </datafield>
  <datafield tag="410" ind1="0" ind2="2">
    <subfield code="7">ba0yba0y</subfield>
    <subfield code="9">#</subfield>
    <subfield code="a">Federal power commission</subfield>
  </datafield>
  <datafield tag="510" ind1="0" ind2="2">
    <subfield code="0">Après le 4 août 1977, voir</subfield>
    <subfield code="3">026376903</subfield>
    <subfield code="5">b|xxx</subfield>
    <subfield code="7">ba0yba0y</subfield>
    <subfield code="a">États-Unis</subfield>
    <subfield code="b">Department of energy</subfield>
  </datafield>
  <datafield tag="801" ind1=" " ind2="3">
    <subfield code="a">FR</subfield>
    <subfield code="b">Abes</subfield>
    <subfield code="c">20150929</subfield>
    <subfield code="g">AFNOR</subfield>
  </datafield>
  <datafield tag="810" ind1=" " ind2=" ">
    <subfield code="a">Internet, http://catalogue.bnf.fr/ark:/12148/cb119305256 , 2011-11-08</subfield>
    <subfield code="b">Dates de fin 4 août 1977</subfield>
  </datafield>
  <datafield tag="810" ind1=" " ind2=" ">
    <subfield code="a">Internet, http://www.ferc.gov/about/ferc-does/ferc101.pdf#xml=http://search.atomz.com/search/pdfhelper.tk , 2011-11-08</subfield>
    <subfield code="b">Historique p. 8, dates de création 1920 et remplacement en 1977</subfield>
  </datafield>
  <datafield tag="910" ind1=" " ind2=" ">
    <subfield code="a">États-Unis. Federal power commission</subfield>
  </datafield>
  <datafield tag="911" ind1=" " ind2=" ">
    <subfield code="a">United States. Federal power commission</subfield>
  </datafield>
  <datafield tag="911" ind1=" " ind2=" ">
    <subfield code="a">FPC</subfield>
  </datafield>
  <datafield tag="911" ind1=" " ind2=" ">
    <subfield code="a">United States. FPC</subfield>
  </datafield>
  <datafield tag="911" ind1=" " ind2=" ">
    <subfield code="a">États-Unis. FPC</subfield>
  </datafield>
  <datafield tag="911" ind1=" " ind2=" ">
    <subfield code="a">Federal power commission</subfield>
  </datafield>
</record>