


<record>
  <leader>     cx  b22     3  45  </leader>
  <controlfield tag="001">027904512</controlfield>
  <controlfield tag="003">http://www.idref.fr/027904512</controlfield>
  <controlfield tag="004">19850806</controlfield>
  <controlfield tag="005">20130605190856.000</controlfield>
  <controlfield tag="006">0004</controlfield>
  <controlfield tag="007">9999</controlfield>
  <controlfield tag="008">Tb5</controlfield>
  <datafield tag="035" ind1=" " ind2=" ">
    <subfield code="a">frBN002231194</subfield>
  </datafield>
  <datafield tag="035" ind1=" " ind2=" ">
    <subfield code="a">FRBNF119846143</subfield>
    <subfield code="z">FRBNF11984614</subfield>
  </datafield>
  <datafield tag="100" ind1=" " ind2=" ">
    <subfield code="a">19850806afrey50      ba0</subfield>
  </datafield>
  <datafield tag="101" ind1=" " ind2=" ">
    <subfield code="a">mul</subfield>
  </datafield>
  <datafield tag="102" ind1=" " ind2=" ">
    <subfield code="a">ZZ</subfield>
  </datafield>
  <datafield tag="106" ind1=" " ind2=" ">
    <subfield code="a">#</subfield>
    <subfield code="b">#</subfield>
  </datafield>
  <datafield tag="150" ind1=" " ind2=" ">
    <subfield code="a">y</subfield>
  </datafield>
  <datafield tag="152" ind1=" " ind2=" ">
    <subfield code="a">AFNOR</subfield>
  </datafield>
  <datafield tag="210" ind1="0" ind2=" ">
    <subfield code="7">ba0yba0y</subfield>
    <subfield code="9">1</subfield>
    <subfield code="a">Inquisition</subfield>
  </datafield>
  <datafield tag="320" ind1=" " ind2=" ">
    <subfield code="7">ba0yba0y</subfield>
    <subfield code="a">Voir au nom du tribunal d&apos;inquisition de chaque pays</subfield>
  </datafield>
  <datafield tag="510" ind1="0" ind2="2">
    <subfield code="3">02642066X</subfield>
    <subfield code="5">h|xxx</subfield>
    <subfield code="7">ba0yba0y</subfield>
    <subfield code="a">Santo Oficio de la inquisición</subfield>
    <subfield code="c">Espagne</subfield>
  </datafield>
  <datafield tag="801" ind1=" " ind2="3">
    <subfield code="a">FR</subfield>
    <subfield code="b">Abes</subfield>
    <subfield code="c">20130605</subfield>
    <subfield code="g">AFNOR</subfield>
  </datafield>
  <datafield tag="910" ind1=" " ind2=" ">
    <subfield code="a">Inquisition</subfield>
  </datafield>
</record>