


<record>
  <leader>     cx  b22     3  45  </leader>
  <controlfield tag="001">028676491</controlfield>
  <controlfield tag="003">http://www.idref.fr/028676491</controlfield>
  <controlfield tag="004">19870814</controlfield>
  <controlfield tag="005">20150929124051.000</controlfield>
  <controlfield tag="006">0004</controlfield>
  <controlfield tag="007">4994</controlfield>
  <controlfield tag="008">Tb5</controlfield>
  <datafield tag="033" ind1=" " ind2=" ">
    <subfield code="a">http://catalogue.bnf.fr/ark:/12148/cb12046277v</subfield>
    <subfield code="2">BNF</subfield>
    <subfield code="d">20150918</subfield>
  </datafield>
  <datafield tag="035" ind1=" " ind2=" ">
    <subfield code="a">frBN003450508</subfield>
  </datafield>
  <datafield tag="035" ind1=" " ind2=" ">
    <subfield code="a">FRBNF120462773</subfield>
    <subfield code="z">FRBNF12046277</subfield>
  </datafield>
  <datafield tag="100" ind1=" " ind2=" ">
    <subfield code="a">19870814afrey50      ba0</subfield>
  </datafield>
  <datafield tag="101" ind1=" " ind2=" ">
    <subfield code="a">fre</subfield>
  </datafield>
  <datafield tag="102" ind1=" " ind2=" ">
    <subfield code="a">FR</subfield>
  </datafield>
  <datafield tag="103" ind1=" " ind2=" ">
    <subfield code="a"> 19860404 </subfield>
    <subfield code="b"> 19880512 </subfield>
  </datafield>
  <datafield tag="106" ind1=" " ind2=" ">
    <subfield code="a">0</subfield>
    <subfield code="b">#</subfield>
  </datafield>
  <datafield tag="150" ind1=" " ind2=" ">
    <subfield code="a">a</subfield>
  </datafield>
  <datafield tag="152" ind1=" " ind2=" ">
    <subfield code="a">AFNOR</subfield>
  </datafield>
  <datafield tag="210" ind1="0" ind2=" ">
    <subfield code="7">ba0yba0y</subfield>
    <subfield code="9">0</subfield>
    <subfield code="a">France</subfield>
    <subfield code="b">Ministère de la santé et de la famille</subfield>
    <subfield code="c">1986-1988</subfield>
  </datafield>
  <datafield tag="300" ind1="0" ind2=" ">
    <subfield code="7">ba0yba0y</subfield>
    <subfield code="a">Ministre délégué auprès du Ministre des affaires sociales et de l&apos;emploi. Attributions fixées par D. n°  86-698 du 04-04-1986</subfield>
  </datafield>
  <datafield tag="300" ind1="0" ind2=" ">
    <subfield code="7">ba0yba0y</subfield>
    <subfield code="a">Avant le 04-04-1986: Secrétaire d&apos;Etat auprès du Ministre des affaires sociales et de la solidarité nationale chargé de la santé, D. 84-770 du 07-08-1984 et Secrétaire d&apos;Etat auprès du Ministre des affaires sociales et de la solidarité nationale chargé de la famille , de la population, des travailleurs immigrés, D. 83-312 du 19-04-1983</subfield>
  </datafield>
  <datafield tag="300" ind1="0" ind2=" ">
    <subfield code="7">ba0yba0y</subfield>
    <subfield code="a">8-10 Av. de Ségur, 75007 Paris. Tél. 40.56.60.00</subfield>
  </datafield>
  <datafield tag="410" ind1="0" ind2=" ">
    <subfield code="7">ba0yba0y</subfield>
    <subfield code="9">#</subfield>
    <subfield code="a">France</subfield>
    <subfield code="b">Ministère des affaires sociales et de l&apos;emploi</subfield>
    <subfield code="b">Ministère chargé de la santé et de la famille</subfield>
  </datafield>
  <datafield tag="510" ind1=" " ind2=" ">
    <subfield code="0">Après le 12 mai 1988, voir</subfield>
    <subfield code="3">029239354</subfield>
    <subfield code="5">b|xxx</subfield>
    <subfield code="7">ba0yba0y</subfield>
    <subfield code="a">France</subfield>
    <subfield code="b">Ministère de la santé et de la protection sociale</subfield>
  </datafield>
  <datafield tag="510" ind1=" " ind2=" ">
    <subfield code="0">Après le 12 mai 1988, voir</subfield>
    <subfield code="3">029441285</subfield>
    <subfield code="5">b|xxx</subfield>
    <subfield code="7">ba0yba0y</subfield>
    <subfield code="a">France</subfield>
    <subfield code="b">Ministère de la famille, des droits de la femme, de la solidarité et des rapatriés</subfield>
  </datafield>
  <datafield tag="510" ind1=" " ind2=" ">
    <subfield code="0">Regroupé par</subfield>
    <subfield code="3">028043685</subfield>
    <subfield code="5">s|xxx</subfield>
    <subfield code="7">ba0yba0y</subfield>
    <subfield code="a">France</subfield>
    <subfield code="b">Ministère de la santé</subfield>
  </datafield>
  <datafield tag="801" ind1=" " ind2="3">
    <subfield code="a">FR</subfield>
    <subfield code="b">Abes</subfield>
    <subfield code="c">20150929</subfield>
    <subfield code="g">AFNOR</subfield>
  </datafield>
  <datafield tag="810" ind1=" " ind2=" ">
    <subfield code="a">BA 1987</subfield>
  </datafield>
  <datafield tag="910" ind1=" " ind2=" ">
    <subfield code="a">France. Ministère de la santé et de la famille (1986-1988)</subfield>
  </datafield>
  <datafield tag="911" ind1=" " ind2=" ">
    <subfield code="a">France. Ministère des affaires sociales et de l&apos;emploi. Ministère chargé de la santé et de la famille</subfield>
  </datafield>
</record>