


<record>
  <leader>     cx  b22     3  45  </leader>
  <controlfield tag="001">028718992</controlfield>
  <controlfield tag="003">http://www.idref.fr/028718992</controlfield>
  <controlfield tag="004">19840420</controlfield>
  <controlfield tag="005">20150929124207.000</controlfield>
  <controlfield tag="006">0004</controlfield>
  <controlfield tag="007">4994</controlfield>
  <controlfield tag="008">Tb5</controlfield>
  <datafield tag="033" ind1=" " ind2=" ">
    <subfield code="a">http://catalogue.bnf.fr/ark:/12148/cb12049809r</subfield>
    <subfield code="2">BNF</subfield>
    <subfield code="d">20150918</subfield>
  </datafield>
  <datafield tag="035" ind1=" " ind2=" ">
    <subfield code="a">frBN003514035</subfield>
  </datafield>
  <datafield tag="035" ind1=" " ind2=" ">
    <subfield code="a">FRBNF12049809X</subfield>
    <subfield code="z">FRBNF12049809</subfield>
  </datafield>
  <datafield tag="100" ind1=" " ind2=" ">
    <subfield code="a">19840420afrey50      ba0</subfield>
  </datafield>
  <datafield tag="106" ind1=" " ind2=" ">
    <subfield code="a">0</subfield>
    <subfield code="b">1</subfield>
    <subfield code="c">0</subfield>
  </datafield>
  <datafield tag="150" ind1=" " ind2=" ">
    <subfield code="a">y</subfield>
  </datafield>
  <datafield tag="152" ind1=" " ind2=" ">
    <subfield code="a">AFNOR</subfield>
  </datafield>
  <datafield tag="210" ind1="0" ind2=" ">
    <subfield code="7">ba0yba0y</subfield>
    <subfield code="9">1</subfield>
    <subfield code="a">Oeuvre des enfants à la montagne</subfield>
    <subfield code="c">Saint-Étienne</subfield>
  </datafield>
  <datafield tag="300" ind1="0" ind2=" ">
    <subfield code="7">ba0yba0y</subfield>
    <subfield code="a">Fondée par le pasteur Louis Comte</subfield>
  </datafield>
  <datafield tag="500" ind1=" " ind2=" ">
    <subfield code="3">02871900X</subfield>
    <subfield code="5">u|xxx</subfield>
    <subfield code="7">ba0yba0y</subfield>
    <subfield code="a">Comte</subfield>
    <subfield code="b">Louis</subfield>
    <subfield code="f">1857-1926</subfield>
  </datafield>
  <datafield tag="801" ind1=" " ind2="3">
    <subfield code="a">FR</subfield>
    <subfield code="b">Abes</subfield>
    <subfield code="c">20150929</subfield>
    <subfield code="g">AFNOR</subfield>
  </datafield>
  <datafield tag="810" ind1=" " ind2=" ">
    <subfield code="a">La Vie et l&apos;oeuvre du pasteur Louis Comte / I. Chapelle, 1986</subfield>
  </datafield>
  <datafield tag="910" ind1=" " ind2=" ">
    <subfield code="a">Oeuvre des enfants à la montagne (Saint-Étienne)</subfield>
  </datafield>
</record>