


<record>
  <leader>     cx  b22     3  45  </leader>
  <controlfield tag="001">028867378</controlfield>
  <controlfield tag="003">http://www.idref.fr/028867378</controlfield>
  <controlfield tag="004">19871214</controlfield>
  <controlfield tag="005">20150929125412.000</controlfield>
  <controlfield tag="006">0004</controlfield>
  <controlfield tag="007">4994</controlfield>
  <controlfield tag="008">Tb5</controlfield>
  <datafield tag="033" ind1=" " ind2=" ">
    <subfield code="a">http://catalogue.bnf.fr/ark:/12148/cb120613869</subfield>
    <subfield code="2">BNF</subfield>
    <subfield code="d">20150918</subfield>
  </datafield>
  <datafield tag="035" ind1=" " ind2=" ">
    <subfield code="a">frBN00387792X</subfield>
  </datafield>
  <datafield tag="035" ind1=" " ind2=" ">
    <subfield code="a">FRBNF120613862</subfield>
    <subfield code="z">FRBNF12061386</subfield>
  </datafield>
  <datafield tag="100" ind1=" " ind2=" ">
    <subfield code="a">19871214afrey50      ba0</subfield>
  </datafield>
  <datafield tag="101" ind1=" " ind2=" ">
    <subfield code="a">mul</subfield>
  </datafield>
  <datafield tag="102" ind1=" " ind2=" ">
    <subfield code="a">ZZ</subfield>
  </datafield>
  <datafield tag="103" ind1=" " ind2=" ">
    <subfield code="a"> 19460920 </subfield>
  </datafield>
  <datafield tag="106" ind1=" " ind2=" ">
    <subfield code="a">0</subfield>
    <subfield code="b">1</subfield>
    <subfield code="c">0</subfield>
  </datafield>
  <datafield tag="150" ind1=" " ind2=" ">
    <subfield code="a">y</subfield>
  </datafield>
  <datafield tag="152" ind1=" " ind2=" ">
    <subfield code="a">AFNOR</subfield>
  </datafield>
  <datafield tag="210" ind1="0" ind2=" ">
    <subfield code="7">ba0yba0y</subfield>
    <subfield code="9">1</subfield>
    <subfield code="a">Festival de Cannes</subfield>
  </datafield>
  <datafield tag="410" ind1="0" ind2=" ">
    <subfield code="7">ba0yba0y</subfield>
    <subfield code="9">1</subfield>
    <subfield code="a">Festival international du film (Cannes, Alpes-Maritimes)</subfield>
  </datafield>
  <datafield tag="410" ind1="0" ind2=" ">
    <subfield code="7">ba0yba0y</subfield>
    <subfield code="9">1</subfield>
    <subfield code="a">Cannes</subfield>
  </datafield>
  <datafield tag="410" ind1="0" ind2=" ">
    <subfield code="7">ba0yba0y</subfield>
    <subfield code="9">1</subfield>
    <subfield code="a">Festival du film de Cannes</subfield>
  </datafield>
  <datafield tag="510" ind1="0" ind2=" ">
    <subfield code="3">029144523</subfield>
    <subfield code="5">u|xxx</subfield>
    <subfield code="7">ba0yba0y</subfield>
    <subfield code="a">Quinzaine des réalisateurs</subfield>
    <subfield code="c">Cannes, Alpes-Maritimes</subfield>
  </datafield>
  <datafield tag="510" ind1="0" ind2=" ">
    <subfield code="3">050487566</subfield>
    <subfield code="5">u|xxx</subfield>
    <subfield code="7">ba0yba0y</subfield>
    <subfield code="a">Cinémas en France</subfield>
    <subfield code="c">Cannes, Alpes-Maritimes</subfield>
  </datafield>
  <datafield tag="510" ind1="0" ind2=" ">
    <subfield code="3">030215072</subfield>
    <subfield code="5">u|xxx</subfield>
    <subfield code="7">ba0yba0y</subfield>
    <subfield code="a">Marché international du film</subfield>
  </datafield>
  <datafield tag="550" ind1=" " ind2=" ">
    <subfield code="3">032364563</subfield>
    <subfield code="5">g|xxx</subfield>
    <subfield code="7">ba0yba0y</subfield>
    <subfield code="a">Festivals de cinéma</subfield>
    <subfield code="y">France</subfield>
  </datafield>
  <datafield tag="801" ind1=" " ind2="3">
    <subfield code="a">FR</subfield>
    <subfield code="b">Abes</subfield>
    <subfield code="c">20150929</subfield>
    <subfield code="g">AFNOR</subfield>
  </datafield>
  <datafield tag="810" ind1=" " ind2=" ">
    <subfield code="a">BN ACO (en ligne), 1995-02-23</subfield>
  </datafield>
  <datafield tag="910" ind1=" " ind2=" ">
    <subfield code="a">Festival de Cannes</subfield>
  </datafield>
  <datafield tag="911" ind1=" " ind2=" ">
    <subfield code="a">Festival international du film (Cannes, Alpes-Maritimes)</subfield>
  </datafield>
  <datafield tag="911" ind1=" " ind2=" ">
    <subfield code="a">Cannes</subfield>
  </datafield>
  <datafield tag="911" ind1=" " ind2=" ">
    <subfield code="a">Festival du film de Cannes</subfield>
  </datafield>
</record>