


<record>
  <leader>     cx  b22     3  45  </leader>
  <controlfield tag="001">028879406</controlfield>
  <controlfield tag="003">http://www.idref.fr/028879406</controlfield>
  <controlfield tag="004">19871229</controlfield>
  <controlfield tag="005">20150929125455.000</controlfield>
  <controlfield tag="006">0004</controlfield>
  <controlfield tag="007">4994</controlfield>
  <controlfield tag="008">Tb5</controlfield>
  <datafield tag="033" ind1=" " ind2=" ">
    <subfield code="a">http://catalogue.bnf.fr/ark:/12148/cb120623480</subfield>
    <subfield code="2">BNF</subfield>
    <subfield code="d">20150918</subfield>
  </datafield>
  <datafield tag="035" ind1=" " ind2=" ">
    <subfield code="a">frBN003888022</subfield>
  </datafield>
  <datafield tag="035" ind1=" " ind2=" ">
    <subfield code="a">FRBNF120623486</subfield>
    <subfield code="z">FRBNF12062348</subfield>
  </datafield>
  <datafield tag="100" ind1=" " ind2=" ">
    <subfield code="a">19871229afrey50      ba0</subfield>
  </datafield>
  <datafield tag="101" ind1=" " ind2=" ">
    <subfield code="a">fre</subfield>
  </datafield>
  <datafield tag="102" ind1=" " ind2=" ">
    <subfield code="a">FR</subfield>
  </datafield>
  <datafield tag="103" ind1=" " ind2=" ">
    <subfield code="a"> 1255     </subfield>
    <subfield code="b"> 1790     </subfield>
  </datafield>
  <datafield tag="106" ind1=" " ind2=" ">
    <subfield code="a">0</subfield>
    <subfield code="b">1</subfield>
    <subfield code="c">0</subfield>
  </datafield>
  <datafield tag="150" ind1=" " ind2=" ">
    <subfield code="a">y</subfield>
  </datafield>
  <datafield tag="152" ind1=" " ind2=" ">
    <subfield code="a">AFNOR</subfield>
  </datafield>
  <datafield tag="210" ind1="0" ind2=" ">
    <subfield code="7">ba0yba0y</subfield>
    <subfield code="9">1</subfield>
    <subfield code="a">Abbaye de Longchamp</subfield>
    <subfield code="c">Boulogne-Billancourt, Hauts-de-Seine</subfield>
  </datafield>
  <datafield tag="300" ind1="0" ind2=" ">
    <subfield code="7">ba0yba0y</subfield>
    <subfield code="a">Abbaye de Clarisses fondée en 1255 par la bienheureuse Isabelle de France, soeur de saint Louis, avec des religieuses venues de Reims, elles-même arrivées d&apos;Assise. En 1263 le pape Urbain IV approuva les constitutions de Longchamp, lui autorisant même la possession de biens et revenus : cette dérogation fut à l&apos;origine de la branche des Clarisses Urbanistes. Abbaye fermée en 1790, démolie en 1792</subfield>
  </datafield>
  <datafield tag="410" ind1="0" ind2="2">
    <subfield code="7">ba0yba0y</subfield>
    <subfield code="a">Abbaye royale de Longchamp</subfield>
  </datafield>
  <datafield tag="410" ind1="0" ind2="2">
    <subfield code="7">ba0yba0y</subfield>
    <subfield code="a">Monastère de Longchamp</subfield>
  </datafield>
  <datafield tag="410" ind1="0" ind2="2">
    <subfield code="7">ba0yba0y</subfield>
    <subfield code="a">Monastère de l&apos;Humilité Notre-Dame</subfield>
  </datafield>
  <datafield tag="410" ind1="0" ind2="2">
    <subfield code="7">ba0yba0y</subfield>
    <subfield code="a">Monastère des Humiliées Notre-Dame</subfield>
  </datafield>
  <datafield tag="410" ind1="0" ind2="2">
    <subfield code="7">ba0yba0y</subfield>
    <subfield code="a">Notre-Dame de l&apos;Humilité de Longchamp</subfield>
  </datafield>
  <datafield tag="410" ind1="0" ind2="2">
    <subfield code="7">ba0yba0y</subfield>
    <subfield code="a">Abbaye de Clarisses Urbanistes</subfield>
    <subfield code="c">Longchamp, Hauts-de-Seine ; Notre-Dame de l&apos;Humilité)</subfield>
    <subfield code="c">1255-1790</subfield>
  </datafield>
  <datafield tag="415" ind1=" " ind2=" ">
    <subfield code="7">ba0yba0y</subfield>
    <subfield code="9">1</subfield>
    <subfield code="a">Paris (France)</subfield>
    <subfield code="x">Abbaye de Longchamp</subfield>
  </datafield>
  <datafield tag="550" ind1=" " ind2=" ">
    <subfield code="3">028205367</subfield>
    <subfield code="5">g|xxx</subfield>
    <subfield code="7">ba0yba0y</subfield>
    <subfield code="a">Abbayes</subfield>
    <subfield code="y">France</subfield>
    <subfield code="y">Paris (France)</subfield>
  </datafield>
  <datafield tag="801" ind1=" " ind2="3">
    <subfield code="a">FR</subfield>
    <subfield code="b">Abes</subfield>
    <subfield code="c">20150929</subfield>
    <subfield code="g">AFNOR</subfield>
  </datafield>
  <datafield tag="810" ind1=" " ind2=" ">
    <subfield code="a">Cottineau. GDEL. Abbaye de Longchamp (Paris, France) ; LCNA, 1989</subfield>
  </datafield>
  <datafield tag="910" ind1=" " ind2=" ">
    <subfield code="a">Abbaye de Longchamp (Boulogne-Billancourt, Hauts-de-Seine)</subfield>
  </datafield>
  <datafield tag="911" ind1=" " ind2=" ">
    <subfield code="a">Abbaye royale de Longchamp</subfield>
  </datafield>
  <datafield tag="911" ind1=" " ind2=" ">
    <subfield code="a">Monastère de Longchamp</subfield>
  </datafield>
  <datafield tag="911" ind1=" " ind2=" ">
    <subfield code="a">Monastère de l&apos;Humilité Notre-Dame</subfield>
  </datafield>
  <datafield tag="911" ind1=" " ind2=" ">
    <subfield code="a">Monastère des Humiliées Notre-Dame</subfield>
  </datafield>
  <datafield tag="911" ind1=" " ind2=" ">
    <subfield code="a">Notre-Dame de l&apos;Humilité de Longchamp</subfield>
  </datafield>
  <datafield tag="911" ind1=" " ind2=" ">
    <subfield code="a">Abbaye de Clarisses Urbanistes (Longchamp, Hauts-de-Seine ; Notre-Dame de l&apos;Humilité) ; 1255-1790)</subfield>
  </datafield>
  <datafield tag="916" ind1=" " ind2=" ">
    <subfield code="a">Paris (France) -- Abbaye de Longchamp</subfield>
  </datafield>
</record>