


<record>
  <leader>     cx  b22     3  45  </leader>
  <controlfield tag="001">028925440</controlfield>
  <controlfield tag="003">http://www.idref.fr/028925440</controlfield>
  <controlfield tag="004">19880209</controlfield>
  <controlfield tag="005">20150929125801.000</controlfield>
  <controlfield tag="006">0004</controlfield>
  <controlfield tag="007">4994</controlfield>
  <controlfield tag="008">Tb5</controlfield>
  <datafield tag="010" ind1=" " ind2=" ">
    <subfield code="a">0000000106664893</subfield>
    <subfield code="2">BNF</subfield>
    <subfield code="d">20150918</subfield>
  </datafield>
  <datafield tag="033" ind1=" " ind2=" ">
    <subfield code="a">http://catalogue.bnf.fr/ark:/12148/cb12066025g</subfield>
    <subfield code="2">BNF</subfield>
    <subfield code="d">20150918</subfield>
  </datafield>
  <datafield tag="035" ind1=" " ind2=" ">
    <subfield code="a">frBN003927443</subfield>
  </datafield>
  <datafield tag="035" ind1=" " ind2=" ">
    <subfield code="a">FRBNF120660253</subfield>
    <subfield code="z">FRBNF12066025</subfield>
  </datafield>
  <datafield tag="100" ind1=" " ind2=" ">
    <subfield code="a">19880209afrey50      ba0</subfield>
  </datafield>
  <datafield tag="101" ind1=" " ind2=" ">
    <subfield code="a">mul</subfield>
  </datafield>
  <datafield tag="102" ind1=" " ind2=" ">
    <subfield code="a">TN</subfield>
  </datafield>
  <datafield tag="106" ind1=" " ind2=" ">
    <subfield code="a">0</subfield>
    <subfield code="b">1</subfield>
    <subfield code="c">0</subfield>
  </datafield>
  <datafield tag="150" ind1=" " ind2=" ">
    <subfield code="a">y</subfield>
  </datafield>
  <datafield tag="152" ind1=" " ind2=" ">
    <subfield code="a">AFNOR</subfield>
  </datafield>
  <datafield tag="210" ind1="0" ind2="2">
    <subfield code="7">ba0yba0y</subfield>
    <subfield code="8">frefre</subfield>
    <subfield code="9">0</subfield>
    <subfield code="a">Fondation nationale pour la traduction, l&apos;établissement des textes et les études Beit-al-Hikma</subfield>
    <subfield code="c">Tunisie</subfield>
  </datafield>
  <datafield tag="410" ind1="0" ind2="2">
    <subfield code="7">ba0yba0y</subfield>
    <subfield code="9">#</subfield>
    <subfield code="a">Bayt al- ḥikmah</subfield>
    <subfield code="c">Tunisie</subfield>
  </datafield>
  <datafield tag="410" ind1="0" ind2="2">
    <subfield code="7">ba0yba0y</subfield>
    <subfield code="9">#</subfield>
    <subfield code="a">Beit-al-Hikma</subfield>
    <subfield code="c">Tunisie</subfield>
  </datafield>
  <datafield tag="710" ind1="0" ind2=" ">
    <subfield code="7">ba0yba0a</subfield>
    <subfield code="8">freara</subfield>
    <subfield code="9">0</subfield>
    <subfield code="a">:Al : Mu&apos;assasah al- watanīyah li al- tarǧamah wa al- taḥqīq wa al- dirāsat. Bayt al- ḥikmah</subfield>
  </datafield>
  <datafield tag="801" ind1=" " ind2="3">
    <subfield code="a">FR</subfield>
    <subfield code="b">Abes</subfield>
    <subfield code="c">20150929</subfield>
    <subfield code="g">AFNOR</subfield>
  </datafield>
  <datafield tag="810" ind1=" " ind2=" ">
    <subfield code="a">Les Travailleurs tunisiens / Tahar Haddad</subfield>
  </datafield>
  <datafield tag="910" ind1=" " ind2=" ">
    <subfield code="a">Fondation nationale pour la traduction, l&apos;établissement des textes et les études Beit-al-Hikma (Tunisie)</subfield>
  </datafield>
  <datafield tag="911" ind1=" " ind2=" ">
    <subfield code="a">Bayt al- ḥikmah (Tunisie)</subfield>
  </datafield>
  <datafield tag="911" ind1=" " ind2=" ">
    <subfield code="a">Beit-al-Hikma (Tunisie)</subfield>
  </datafield>
  <datafield tag="912" ind1=" " ind2=" ">
    <subfield code="a">:Al : Mu&apos;assasah al- watanīyah li al- tarǧamah wa al- taḥqīq wa al- dirāsat. Bayt al- ḥikmah</subfield>
  </datafield>
</record>