


<record>
  <leader>     cx  b22     3  45  </leader>
  <controlfield tag="001">029113539</controlfield>
  <controlfield tag="003">http://www.idref.fr/029113539</controlfield>
  <controlfield tag="004">19880725</controlfield>
  <controlfield tag="005">20150930040219.000</controlfield>
  <controlfield tag="006">0004</controlfield>
  <controlfield tag="007">4994</controlfield>
  <controlfield tag="008">Tb5</controlfield>
  <datafield tag="010" ind1=" " ind2=" ">
    <subfield code="a">0000000119414498</subfield>
    <subfield code="2">BNF</subfield>
    <subfield code="d">20150918</subfield>
  </datafield>
  <datafield tag="033" ind1=" " ind2=" ">
    <subfield code="a">http://catalogue.bnf.fr/ark:/12148/cb120807183</subfield>
    <subfield code="2">BNF</subfield>
    <subfield code="d">20150918</subfield>
  </datafield>
  <datafield tag="035" ind1=" " ind2=" ">
    <subfield code="a">frBN004083449</subfield>
  </datafield>
  <datafield tag="035" ind1=" " ind2=" ">
    <subfield code="a">FRBNF120807187</subfield>
    <subfield code="z">FRBNF12080718</subfield>
  </datafield>
  <datafield tag="100" ind1=" " ind2=" ">
    <subfield code="a">19880725afrey50      ba0</subfield>
  </datafield>
  <datafield tag="101" ind1=" " ind2=" ">
    <subfield code="a">ger</subfield>
  </datafield>
  <datafield tag="102" ind1=" " ind2=" ">
    <subfield code="a">DE</subfield>
  </datafield>
  <datafield tag="106" ind1=" " ind2=" ">
    <subfield code="a">0</subfield>
    <subfield code="b">#</subfield>
  </datafield>
  <datafield tag="150" ind1=" " ind2=" ">
    <subfield code="a">y</subfield>
    <subfield code="b">e3</subfield>
  </datafield>
  <datafield tag="152" ind1=" " ind2=" ">
    <subfield code="a">AFNOR</subfield>
  </datafield>
  <datafield tag="210" ind1="0" ind2=" ">
    <subfield code="7">ba0yba0y</subfield>
    <subfield code="9">0</subfield>
    <subfield code="a">John-F.-Kennedy-Institut für Nordamerikastudien</subfield>
    <subfield code="c">Berlin</subfield>
  </datafield>
  <datafield tag="410" ind1="0" ind2=" ">
    <subfield code="7">ba0yba0y</subfield>
    <subfield code="9">#</subfield>
    <subfield code="a">Freie Universität</subfield>
    <subfield code="c">Berlin</subfield>
    <subfield code="b">John-F.-Kennedy-Institut für Nordamerikastudien</subfield>
  </datafield>
  <datafield tag="410" ind1="0" ind2=" ">
    <subfield code="7">ba0yba0y</subfield>
    <subfield code="9">#</subfield>
    <subfield code="a">Freie Universität Berlin</subfield>
    <subfield code="b">John-F.-Kennedy-Institut für Nordamerikastudien</subfield>
  </datafield>
  <datafield tag="410" ind1="0" ind2=" ">
    <subfield code="7">ba0yba0y</subfield>
    <subfield code="9">#</subfield>
    <subfield code="a">John-F.-Kennedy-Institut</subfield>
    <subfield code="c">Berlin</subfield>
  </datafield>
  <datafield tag="410" ind1="0" ind2=" ">
    <subfield code="7">ba0yba0y</subfield>
    <subfield code="9">#</subfield>
    <subfield code="a">John F. Kennedy institute for North American studies</subfield>
    <subfield code="c">Berlin, RFA</subfield>
  </datafield>
  <datafield tag="410" ind1="0" ind2=" ">
    <subfield code="7">ba0yba0y</subfield>
    <subfield code="9">#</subfield>
    <subfield code="a">John F. Kennedy instituto para estudios sobre Estudios Unidos de Norteamérica</subfield>
    <subfield code="c">Berlin, RFA</subfield>
  </datafield>
  <datafield tag="410" ind1="0" ind2=" ">
    <subfield code="7">ba0yba0y</subfield>
    <subfield code="9">#</subfield>
    <subfield code="a">Kennedy-Institut für Nordamerikastudien</subfield>
    <subfield code="c">Berlin, RFA</subfield>
  </datafield>
  <datafield tag="410" ind1="0" ind2=" ">
    <subfield code="7">ba0yba0y</subfield>
    <subfield code="9">0</subfield>
    <subfield code="a">John-F.-Kennedy-Institut für Nordamerikastudien</subfield>
    <subfield code="c">Berlin, RFA</subfield>
  </datafield>
  <datafield tag="801" ind1=" " ind2="3">
    <subfield code="a">FR</subfield>
    <subfield code="b">Abes</subfield>
    <subfield code="c">20150930</subfield>
    <subfield code="g">AFNOR</subfield>
  </datafield>
  <datafield tag="810" ind1=" " ind2=" ">
    <subfield code="a">El Caribe y América latina, 1987. GKD, 1987</subfield>
  </datafield>
  <datafield tag="910" ind1=" " ind2=" ">
    <subfield code="a">John-F.-Kennedy-Institut für Nordamerikastudien (Berlin)</subfield>
  </datafield>
  <datafield tag="911" ind1=" " ind2=" ">
    <subfield code="a">Freie Universität (Berlin). John-F.-Kennedy-Institut für Nordamerikastudien</subfield>
  </datafield>
  <datafield tag="911" ind1=" " ind2=" ">
    <subfield code="a">Freie Universität Berlin. John-F.-Kennedy-Institut für Nordamerikastudien</subfield>
  </datafield>
  <datafield tag="911" ind1=" " ind2=" ">
    <subfield code="a">John-F.-Kennedy-Institut (Berlin)</subfield>
  </datafield>
  <datafield tag="911" ind1=" " ind2=" ">
    <subfield code="a">John F. Kennedy institute for North American studies (Berlin, RFA)</subfield>
  </datafield>
  <datafield tag="911" ind1=" " ind2=" ">
    <subfield code="a">John F. Kennedy instituto para estudios sobre Estudios Unidos de Norteamérica (Berlin, RFA)</subfield>
  </datafield>
  <datafield tag="911" ind1=" " ind2=" ">
    <subfield code="a">Kennedy-Institut für Nordamerikastudien (Berlin, RFA)</subfield>
  </datafield>
  <datafield tag="911" ind1=" " ind2=" ">
    <subfield code="a">John-F.-Kennedy-Institut für Nordamerikastudien (Berlin, RFA)</subfield>
  </datafield>
</record>