


<record>
  <leader>     cx  b22     3  45  </leader>
  <controlfield tag="001">030958296</controlfield>
  <controlfield tag="003">http://www.idref.fr/030958296</controlfield>
  <controlfield tag="004">19911130</controlfield>
  <controlfield tag="005">20151012143247.000</controlfield>
  <controlfield tag="006">0004</controlfield>
  <controlfield tag="007">751055238</controlfield>
  <controlfield tag="008">Tb5</controlfield>
  <datafield tag="010" ind1=" " ind2=" ">
    <subfield code="a">0000000121832242</subfield>
    <subfield code="2">BNF</subfield>
    <subfield code="d">20150918</subfield>
  </datafield>
  <datafield tag="033" ind1=" " ind2=" ">
    <subfield code="a">http://catalogue.bnf.fr/ark:/12148/cb12227056h</subfield>
    <subfield code="2">BNF</subfield>
    <subfield code="d">20150918</subfield>
  </datafield>
  <datafield tag="035" ind1=" " ind2=" ">
    <subfield code="a">031583261</subfield>
    <subfield code="9">sudoc</subfield>
  </datafield>
  <datafield tag="035" ind1=" " ind2=" ">
    <subfield code="a">frBN008529201</subfield>
  </datafield>
  <datafield tag="035" ind1=" " ind2=" ">
    <subfield code="a">frBN007869247</subfield>
  </datafield>
  <datafield tag="035" ind1=" " ind2=" ">
    <subfield code="a">FRBNF122270565</subfield>
    <subfield code="z">FRBNF12227056</subfield>
  </datafield>
  <datafield tag="100" ind1=" " ind2=" ">
    <subfield code="a">19911130afrey50      ba0</subfield>
  </datafield>
  <datafield tag="101" ind1=" " ind2=" ">
    <subfield code="a">ara</subfield>
  </datafield>
  <datafield tag="102" ind1=" " ind2=" ">
    <subfield code="a">XX</subfield>
  </datafield>
  <datafield tag="106" ind1=" " ind2=" ">
    <subfield code="a">0</subfield>
    <subfield code="b">1</subfield>
    <subfield code="c">0</subfield>
  </datafield>
  <datafield tag="150" ind1=" " ind2=" ">
    <subfield code="a">y</subfield>
  </datafield>
  <datafield tag="152" ind1=" " ind2=" ">
    <subfield code="a">AFNOR</subfield>
  </datafield>
  <datafield tag="210" ind1="0" ind2="2">
    <subfield code="6">a00</subfield>
    <subfield code="7">ba0yfa1y</subfield>
    <subfield code="a">اخوان الصفاء</subfield>
  </datafield>
  <datafield tag="210" ind1="0" ind2="2">
    <subfield code="6">a00</subfield>
    <subfield code="7">ba0yba0y</subfield>
    <subfield code="a">Iẖwān al-Ṣafāʾ</subfield>
  </datafield>
  <datafield tag="340" ind1=" " ind2=" ">
    <subfield code="7">ba0yba0y</subfield>
    <subfield code="a">Groupe de philosophes musulmans, auteurs de 52 épîtres écrites vraisemblablement entre 961 et 980</subfield>
  </datafield>
  <datafield tag="410" ind1="0" ind2="2">
    <subfield code="7">ba0yba0y</subfield>
    <subfield code="9">#</subfield>
    <subfield code="a">Ikhwān al Ṣafā&apos;</subfield>
  </datafield>
  <datafield tag="410" ind1="0" ind2="2">
    <subfield code="7">ba0yba0y</subfield>
    <subfield code="9">#</subfield>
    <subfield code="a">Iḫwān aṣ-Ṣafā&apos;</subfield>
  </datafield>
  <datafield tag="410" ind1="0" ind2="2">
    <subfield code="7">ba0yba0y</subfield>
    <subfield code="9">#</subfield>
    <subfield code="a">Frères de la sagesse</subfield>
  </datafield>
  <datafield tag="410" ind1="0" ind2="2">
    <subfield code="7">ba0yba0y</subfield>
    <subfield code="9">#</subfield>
    <subfield code="a">Frères de la sincérité</subfield>
  </datafield>
  <datafield tag="410" ind1="0" ind2="2">
    <subfield code="7">ba0yba0y</subfield>
    <subfield code="9">#</subfield>
    <subfield code="a">Frères de la sincérité</subfield>
  </datafield>
  <datafield tag="710" ind1="0" ind2="2">
    <subfield code="7">ba0yba0a</subfield>
    <subfield code="9">0</subfield>
    <subfield code="a">Frères de la pureté</subfield>
  </datafield>
  <datafield tag="801" ind1=" " ind2="3">
    <subfield code="a">FR</subfield>
    <subfield code="b">Abes</subfield>
    <subfield code="c">20151012</subfield>
    <subfield code="g">AFNOR</subfield>
    <subfield code="h">031583261</subfield>
  </datafield>
  <datafield tag="810" ind1=" " ind2=" ">
    <subfield code="a">Mensch und Tier vor dem König der Dschinnen, aus den Schriften der Lauteren Brüder von Basra / hrsg. von A. Giese, 1990</subfield>
  </datafield>
  <datafield tag="810" ind1=" " ind2=" ">
    <subfield code="a">GDEL</subfield>
  </datafield>
  <datafield tag="910" ind1=" " ind2=" ">
    <subfield code="6">00</subfield>
    <subfield code="7">fa</subfield>
    <subfield code="a">اخوان الصفاء</subfield>
  </datafield>
  <datafield tag="910" ind1=" " ind2=" ">
    <subfield code="6">00</subfield>
    <subfield code="7">ba</subfield>
    <subfield code="a">Iẖwān al-Ṣafāʾ</subfield>
  </datafield>
  <datafield tag="911" ind1=" " ind2=" ">
    <subfield code="a">Ikhwān al Ṣafā&apos;</subfield>
  </datafield>
  <datafield tag="911" ind1=" " ind2=" ">
    <subfield code="a">Iḫwān aṣ-Ṣafā&apos;</subfield>
  </datafield>
  <datafield tag="911" ind1=" " ind2=" ">
    <subfield code="a">Frères de la sagesse</subfield>
  </datafield>
  <datafield tag="911" ind1=" " ind2=" ">
    <subfield code="a">Frères de la sincérité</subfield>
  </datafield>
  <datafield tag="911" ind1=" " ind2=" ">
    <subfield code="a">Frères de la sincérité</subfield>
  </datafield>
  <datafield tag="912" ind1=" " ind2=" ">
    <subfield code="a">Frères de la pureté</subfield>
  </datafield>
</record>