


<record>
  <leader>     cx  b22     3  45  </leader>
  <controlfield tag="001">032486324</controlfield>
  <controlfield tag="003">http://www.idref.fr/032486324</controlfield>
  <controlfield tag="004">19931125</controlfield>
  <controlfield tag="005">20181030155825.000</controlfield>
  <controlfield tag="006">0004</controlfield>
  <controlfield tag="007">751042206</controlfield>
  <controlfield tag="008">Tb5</controlfield>
  <datafield tag="010" ind1=" " ind2=" ">
    <subfield code="a">0000000123754495</subfield>
    <subfield code="2">BNF</subfield>
    <subfield code="d">20150918</subfield>
  </datafield>
  <datafield tag="033" ind1=" " ind2=" ">
    <subfield code="a">http://catalogue.bnf.fr/ark:/12148/cb12350708p</subfield>
    <subfield code="2">BNF</subfield>
    <subfield code="d">20150918</subfield>
  </datafield>
  <datafield tag="035" ind1=" " ind2=" ">
    <subfield code="a">033341877</subfield>
    <subfield code="9">sudoc</subfield>
  </datafield>
  <datafield tag="035" ind1=" " ind2=" ">
    <subfield code="a">frBN010557510</subfield>
  </datafield>
  <datafield tag="035" ind1=" " ind2=" ">
    <subfield code="a">frBN009451684</subfield>
  </datafield>
  <datafield tag="035" ind1=" " ind2=" ">
    <subfield code="a">FRBNF123507088</subfield>
    <subfield code="z">FRBNF12350708</subfield>
  </datafield>
  <datafield tag="100" ind1=" " ind2=" ">
    <subfield code="a">19931125afrey50      ba0</subfield>
  </datafield>
  <datafield tag="101" ind1=" " ind2=" ">
    <subfield code="a">mul</subfield>
  </datafield>
  <datafield tag="102" ind1=" " ind2=" ">
    <subfield code="a">ZZ</subfield>
  </datafield>
  <datafield tag="103" ind1=" " ind2=" ">
    <subfield code="a"> 19931101 </subfield>
  </datafield>
  <datafield tag="106" ind1=" " ind2=" ">
    <subfield code="a">0</subfield>
    <subfield code="b">1</subfield>
    <subfield code="c">1</subfield>
  </datafield>
  <datafield tag="150" ind1=" " ind2=" ">
    <subfield code="a">e</subfield>
  </datafield>
  <datafield tag="152" ind1=" " ind2=" ">
    <subfield code="a">AFNOR</subfield>
  </datafield>
  <datafield tag="210" ind1="0" ind2="2">
    <subfield code="7">ba0yba0y</subfield>
    <subfield code="8">frefre</subfield>
    <subfield code="9">1</subfield>
    <subfield code="a">Union européenne</subfield>
  </datafield>
  <datafield tag="305" ind1="0" ind2=" ">
    <subfield code="7">ba0yba0y</subfield>
    <subfield code="a">Voir aussi la subdivision Et l&apos;Union européenne aux personnes et collectivités</subfield>
  </datafield>
  <datafield tag="330" ind1="0" ind2=" ">
    <subfield code="7">ba0yba0y</subfield>
    <subfield code="a">Sous cette vedette, on trouve les ouvrages sur l&apos;Union européenne en tant qu&apos;organisation internationale instituée par le Traité sur l&apos;Union européenne (Traité de Maastricht, en vigueur le 1er novembre 1993), considérée comme la collectivité qui prend le relais des Communautés européennes comme de la Communauté européenne (cadre institutionnel unique), mais sans les supprimer. Cette vedette peut se subdiviser géographiquement pour indiquer la relation avec des régions ou des pays particuliers de l&apos;UE</subfield>
  </datafield>
  <datafield tag="330" ind1="0" ind2=" ">
    <subfield code="7">ba0yba0y</subfield>
    <subfield code="a">Les ouvrages qui traitent spécifiquement des Communautés européennes dans le cadre de l&apos;UE (&quot;pilier&quot; communautaire) se trouvent sous la vedette Communautés européenne ; ceux sur la Communauté européenne (anciennement CEE) en particulier, notamment pour la période antérieure à novembre 1993, se trouvent sous la vedette Communauté européenne</subfield>
  </datafield>
  <datafield tag="330" ind1="0" ind2=" ">
    <subfield code="7">ba0yba0y</subfield>
    <subfield code="a">Les ouvrages qui traitent spécifiquement de l&apos;unification politique des pays de l&apos;Europe de l&apos;Ouest se trouvent sous la vedette Europe de l&apos;Ouest -- Unité ; ceux qui traitent collectivement des pays membres de la Communauté (avant fin 1993) comme de l&apos;Union européenne, considérés comme une entité géographique, se trouvent sous la vedette Pays de l&apos;Union européenne</subfield>
  </datafield>
  <datafield tag="340" ind1=" " ind2=" ">
    <subfield code="7">ba0yba0y</subfield>
    <subfield code="a">Reposant sur trois &quot;piliers&quot; (Communautés européennes, PESC, CJAI), l&apos;Union européenne renforce à la fois les compétences des institutions européennes et le rôle politique du Conseil européen. Elle mêle ainsi dans sa phase actuelle des mécanismes communautaires, de type fédéral, et des mécanismes intergouvernementaux, de type confédéral. Bien que n&apos;étant pas formellement une collectivité (actuellement sans personnalité juridique), on la considèrera comme telle</subfield>
  </datafield>
  <datafield tag="410" ind1="0" ind2="2">
    <subfield code="7">ba0yba0y</subfield>
    <subfield code="9">1</subfield>
    <subfield code="a">UE</subfield>
  </datafield>
  <datafield tag="510" ind1="0" ind2="2">
    <subfield code="3">026372274</subfield>
    <subfield code="5">u|xxx</subfield>
    <subfield code="7">ba0yba0y</subfield>
    <subfield code="a">Communautés européennes</subfield>
  </datafield>
  <datafield tag="515" ind1=" " ind2=" ">
    <subfield code="3">027260461</subfield>
    <subfield code="5">u|xxx</subfield>
    <subfield code="7">ba0yba0y</subfield>
    <subfield code="a">Pays de l&apos;Union européenne</subfield>
  </datafield>
  <datafield tag="515" ind1=" " ind2=" ">
    <subfield code="3">027495892</subfield>
    <subfield code="5">g|xxx</subfield>
    <subfield code="7">ba0yba0y</subfield>
    <subfield code="a">Europe</subfield>
    <subfield code="x">Unité</subfield>
  </datafield>
  <datafield tag="550" ind1=" " ind2=" ">
    <subfield code="3">02780559X</subfield>
    <subfield code="5">u|xxx</subfield>
    <subfield code="7">ba0yba0y</subfield>
    <subfield code="a">Et l&apos;Union européenne</subfield>
  </datafield>
  <datafield tag="550" ind1=" " ind2=" ">
    <subfield code="3">027495906</subfield>
    <subfield code="5">g|xxx</subfield>
    <subfield code="7">ba0yba0y</subfield>
    <subfield code="a">Coopération en Europe de l&apos;Ouest</subfield>
  </datafield>
  <datafield tag="710" ind1="0" ind2="2">
    <subfield code="7">ba0yba0y</subfield>
    <subfield code="8">freeng</subfield>
    <subfield code="9">0</subfield>
    <subfield code="a">European Union</subfield>
  </datafield>
  <datafield tag="801" ind1=" " ind2="3">
    <subfield code="a">FR</subfield>
    <subfield code="b">Abes</subfield>
    <subfield code="c">20181030</subfield>
    <subfield code="g">AFNOR</subfield>
    <subfield code="h">033341877</subfield>
  </datafield>
  <datafield tag="810" ind1=" " ind2=" ">
    <subfield code="a">Eurovoc</subfield>
  </datafield>
  <datafield tag="810" ind1=" " ind2=" ">
    <subfield code="a">YIO, 1995/96 (04610)</subfield>
  </datafield>
  <datafield tag="810" ind1=" " ind2=" ">
    <subfield code="a">Laval RVM, 1997-02. LCSH, 1996-09</subfield>
  </datafield>
  <datafield tag="810" ind1=" " ind2=" ">
    <subfield code="a">Traité sur l&apos;Union européenne, 1992</subfield>
  </datafield>
  <datafield tag="822" ind1=" " ind2=" ">
    <subfield code="a">European Union</subfield>
    <subfield code="v">LCSH, 1996-09</subfield>
  </datafield>
  <datafield tag="910" ind1=" " ind2=" ">
    <subfield code="a">Union européenne</subfield>
  </datafield>
  <datafield tag="911" ind1=" " ind2=" ">
    <subfield code="a">UE</subfield>
  </datafield>
  <datafield tag="912" ind1=" " ind2=" ">
    <subfield code="a">European Union</subfield>
  </datafield>
</record>