


<record>
  <leader>     cx  b22     3  45  </leader>
  <controlfield tag="001">050154788</controlfield>
  <controlfield tag="003">http://www.idref.fr/050154788</controlfield>
  <controlfield tag="004">20000713</controlfield>
  <controlfield tag="005">20180622173956.000</controlfield>
  <controlfield tag="006">1999</controlfield>
  <controlfield tag="007">593502101</controlfield>
  <controlfield tag="008">Tb5</controlfield>
  <datafield tag="033" ind1=" " ind2=" ">
    <subfield code="a">http://catalogue.bnf.fr/ark:/12148/cb135053683</subfield>
    <subfield code="2">BNF</subfield>
    <subfield code="d">20150918</subfield>
  </datafield>
  <datafield tag="035" ind1=" " ind2=" ">
    <subfield code="a">frBN013873289</subfield>
  </datafield>
  <datafield tag="035" ind1=" " ind2=" ">
    <subfield code="a">FRBNF135053686</subfield>
    <subfield code="z">FRBNF13505368</subfield>
  </datafield>
  <datafield tag="100" ind1=" " ind2=" ">
    <subfield code="a">20000713afrey50      ba0</subfield>
  </datafield>
  <datafield tag="101" ind1=" " ind2=" ">
    <subfield code="a">fre</subfield>
  </datafield>
  <datafield tag="102" ind1=" " ind2=" ">
    <subfield code="a">FR</subfield>
  </datafield>
  <datafield tag="103" ind1=" " ind2=" ">
    <subfield code="a"> 1992     </subfield>
  </datafield>
  <datafield tag="106" ind1=" " ind2=" ">
    <subfield code="a">0</subfield>
    <subfield code="b">1</subfield>
    <subfield code="c">0</subfield>
  </datafield>
  <datafield tag="150" ind1=" " ind2=" ">
    <subfield code="a">z</subfield>
  </datafield>
  <datafield tag="152" ind1=" " ind2=" ">
    <subfield code="a">AFNOR</subfield>
  </datafield>
  <datafield tag="210" ind1="0" ind2="2">
    <subfield code="7">ba0yba0y</subfield>
    <subfield code="9">0</subfield>
    <subfield code="a">École doctorale des Sciences Juridiques, Politiques et de Gestion</subfield>
    <subfield code="c">Lille</subfield>
  </datafield>
  <datafield tag="340" ind1=" " ind2=" ">
    <subfield code="7">ba0yba0y</subfield>
    <subfield code="a">Adresse : Faculté de Droit 1 Place Déliot, BP 629, 59024 Lille Cedex</subfield>
  </datafield>
  <datafield tag="410" ind1="0" ind2="2">
    <subfield code="7">ba0yba0y</subfield>
    <subfield code="9">#</subfield>
    <subfield code="a">Sciences juridiques, politiques et de gestion</subfield>
    <subfield code="c">Lille</subfield>
  </datafield>
  <datafield tag="410" ind1="0" ind2="2">
    <subfield code="7">ba0yba0y</subfield>
    <subfield code="9">#</subfield>
    <subfield code="a">École doctorale n° 74 : Sciences Juridiques, Politiques et de Gestion (SJPG)</subfield>
  </datafield>
  <datafield tag="410" ind1="0" ind2="2">
    <subfield code="7">ba0yba0y</subfield>
    <subfield code="9">#</subfield>
    <subfield code="a">École doctorale n° 74</subfield>
  </datafield>
  <datafield tag="410" ind1="0" ind2="2">
    <subfield code="7">ba0yba0y</subfield>
    <subfield code="9">#</subfield>
    <subfield code="a">École doctorale 74</subfield>
  </datafield>
  <datafield tag="410" ind1="0" ind2="2">
    <subfield code="7">ba0yba0y</subfield>
    <subfield code="9">#</subfield>
    <subfield code="a">ED 74</subfield>
  </datafield>
  <datafield tag="410" ind1="0" ind2="2">
    <subfield code="7">ba0yba0y</subfield>
    <subfield code="9">#</subfield>
    <subfield code="a">ED74</subfield>
  </datafield>
  <datafield tag="410" ind1="0" ind2="2">
    <subfield code="7">ba0yba0y</subfield>
    <subfield code="9">#</subfield>
    <subfield code="a">ED 074</subfield>
  </datafield>
  <datafield tag="410" ind1="0" ind2="2">
    <subfield code="7">ba0yba0y</subfield>
    <subfield code="9">#</subfield>
    <subfield code="a">ED074</subfield>
  </datafield>
  <datafield tag="410" ind1="0" ind2="2">
    <subfield code="7">ba0yba0y</subfield>
    <subfield code="9">#</subfield>
    <subfield code="a">ED SJPG</subfield>
    <subfield code="c">Lille</subfield>
  </datafield>
  <datafield tag="410" ind1="0" ind2="2">
    <subfield code="7">ba0yba0y</subfield>
    <subfield code="9">#</subfield>
    <subfield code="a">École doctorale SJPG</subfield>
    <subfield code="c">Lille</subfield>
  </datafield>
  <datafield tag="410" ind1="0" ind2="1">
    <subfield code="7">ba0yba0y</subfield>
    <subfield code="9">#</subfield>
    <subfield code="a">Université Lille-Nord de France</subfield>
    <subfield code="b">École doctorale des Sciences Juridiques, Politiques et de Gestion</subfield>
  </datafield>
  <datafield tag="410" ind1="0" ind2="1">
    <subfield code="7">ba0yba0y</subfield>
    <subfield code="9">#</subfield>
    <subfield code="a">Université Lille 2 - Droit et Santé</subfield>
    <subfield code="b">École doctorale des Sciences Juridiques, Politiques et de Gestion</subfield>
  </datafield>
  <datafield tag="410" ind1="0" ind2="1">
    <subfield code="7">ba0yba0y</subfield>
    <subfield code="9">#</subfield>
    <subfield code="a">Université du droit et de la santé Lille 2</subfield>
    <subfield code="b">École doctorale des Sciences Juridiques, Politiques et de Gestion</subfield>
  </datafield>
  <datafield tag="410" ind1="0" ind2="1">
    <subfield code="7">ba0yba0y</subfield>
    <subfield code="9">#</subfield>
    <subfield code="a">Université du Littoral-Côte d&apos;Opale</subfield>
    <subfield code="b">École doctorale des Sciences Juridiques, Politiques et de Gestion</subfield>
  </datafield>
  <datafield tag="410" ind1="0" ind2="1">
    <subfield code="7">ba0yba0y</subfield>
    <subfield code="9">#</subfield>
    <subfield code="a">Université d&apos;Artois</subfield>
    <subfield code="b">École doctorale des Sciences Juridiques, Politiques et de Gestion</subfield>
  </datafield>
  <datafield tag="510" ind1="0" ind2="2">
    <subfield code="0">Etablissement coaccrédité depuis 2005</subfield>
    <subfield code="3">026404079</subfield>
    <subfield code="5">z|xxx</subfield>
    <subfield code="7">ba0yba0y</subfield>
    <subfield code="a">Université polytechnique Hauts-de-France</subfield>
    <subfield code="c">Valenciennes, Nord</subfield>
    <subfield code="c">1964-....</subfield>
  </datafield>
  <datafield tag="510" ind1="0" ind2="2">
    <subfield code="0">Ancien établissement support jusqu&apos;en 2017</subfield>
    <subfield code="3">026404389</subfield>
    <subfield code="5">z|xxx</subfield>
    <subfield code="7">ba0yba0y</subfield>
    <subfield code="a">Université du droit et de la santé</subfield>
    <subfield code="c">Lille</subfield>
    <subfield code="c">1969-2017</subfield>
  </datafield>
  <datafield tag="510" ind1="0" ind2="2">
    <subfield code="0">Etablissement support depuis 2018</subfield>
    <subfield code="3">223446556</subfield>
    <subfield code="5">z|xxx</subfield>
    <subfield code="7">ba0yba0y</subfield>
    <subfield code="a">Université de Lille</subfield>
    <subfield code="c">2018-....</subfield>
  </datafield>
  <datafield tag="801" ind1=" " ind2="3">
    <subfield code="a">FR</subfield>
    <subfield code="b">Abes</subfield>
    <subfield code="c">20180622</subfield>
    <subfield code="g">AFNOR</subfield>
  </datafield>
  <datafield tag="810" ind1=" " ind2=" ">
    <subfield code="a">Internet, http://edoctorale74.univ-lille2.fr/ (site web de l&apos;école doctorale), 2012-11-06</subfield>
    <subfield code="b">École doctorale des Sciences Juridiques, Politiques et de Gestion - ED Sciences juridiques, politiques et de gestion - ED SJPG - Faculté de Droit, 1, Place Déliot, 59000 - Lille -France</subfield>
  </datafield>
  <datafield tag="810" ind1=" " ind2=" ">
    <subfield code="a">Internet, https://appliweb.dgri.education.fr/annuaire/ed_ur.htm (Annuaire des formations doctorales et des unités de recherche), 2012-11-06</subfield>
    <subfield code="b">École Doctorale numéro 74 : SCIENCES JURIDIQUES, POLITIQUE ET DE GESTION (SJPG). Support Université du droit et de la santé Lille 2 / Coaccréditations Université de Valenciennes et du Hainaut-Cambrésis, Université du Littoral-Côte d&apos;Opale, Université d&apos;Artois. Adresse : 1, Place Déliot, BP 629, 59024 LILLE CEDEX.</subfield>
  </datafield>
  <datafield tag="810" ind1=" " ind2=" ">
    <subfield code="a">https://data.enseignementsup-recherche.gouv.fr/explore/dataset/fr-esr-ecoles_doctorales_annuaire/, 2018-04-20</subfield>
    <subfield code="b">Date de création : 1992</subfield>
  </datafield>
  <datafield tag="910" ind1=" " ind2=" ">
    <subfield code="a">École doctorale des Sciences Juridiques, Politiques et de Gestion (Lille)</subfield>
  </datafield>
  <datafield tag="911" ind1=" " ind2=" ">
    <subfield code="a">Sciences juridiques, politiques et de gestion (Lille)</subfield>
  </datafield>
  <datafield tag="911" ind1=" " ind2=" ">
    <subfield code="a">École doctorale n° 74 : Sciences Juridiques, Politiques et de Gestion (SJPG)</subfield>
  </datafield>
  <datafield tag="911" ind1=" " ind2=" ">
    <subfield code="a">École doctorale n° 74</subfield>
  </datafield>
  <datafield tag="911" ind1=" " ind2=" ">
    <subfield code="a">École doctorale 74</subfield>
  </datafield>
  <datafield tag="911" ind1=" " ind2=" ">
    <subfield code="a">ED 74</subfield>
  </datafield>
  <datafield tag="911" ind1=" " ind2=" ">
    <subfield code="a">ED74</subfield>
  </datafield>
  <datafield tag="911" ind1=" " ind2=" ">
    <subfield code="a">ED 074</subfield>
  </datafield>
  <datafield tag="911" ind1=" " ind2=" ">
    <subfield code="a">ED074</subfield>
  </datafield>
  <datafield tag="911" ind1=" " ind2=" ">
    <subfield code="a">ED SJPG (Lille)</subfield>
  </datafield>
  <datafield tag="911" ind1=" " ind2=" ">
    <subfield code="a">École doctorale SJPG (Lille)</subfield>
  </datafield>
  <datafield tag="911" ind1=" " ind2=" ">
    <subfield code="a">Université Lille-Nord de France. École doctorale des Sciences Juridiques, Politiques et de Gestion</subfield>
  </datafield>
  <datafield tag="911" ind1=" " ind2=" ">
    <subfield code="a">Université Lille 2 - Droit et Santé. École doctorale des Sciences Juridiques, Politiques et de Gestion</subfield>
  </datafield>
  <datafield tag="911" ind1=" " ind2=" ">
    <subfield code="a">Université du droit et de la santé Lille 2. École doctorale des Sciences Juridiques, Politiques et de Gestion</subfield>
  </datafield>
  <datafield tag="911" ind1=" " ind2=" ">
    <subfield code="a">Université du Littoral-Côte d&apos;Opale. École doctorale des Sciences Juridiques, Politiques et de Gestion</subfield>
  </datafield>
  <datafield tag="911" ind1=" " ind2=" ">
    <subfield code="a">Université d&apos;Artois. École doctorale des Sciences Juridiques, Politiques et de Gestion</subfield>
  </datafield>
</record>