


<record>
  <leader>     cx  b22     3  45  </leader>
  <controlfield tag="001">050705253</controlfield>
  <controlfield tag="003">http://www.idref.fr/050705253</controlfield>
  <controlfield tag="004">20000117</controlfield>
  <controlfield tag="005">20190510100749.000</controlfield>
  <controlfield tag="006">0004</controlfield>
  <controlfield tag="007">341720001</controlfield>
  <controlfield tag="008">Tb5</controlfield>
  <datafield tag="010" ind1=" " ind2=" ">
    <subfield code="a">0000000122013679</subfield>
    <subfield code="2">BNF</subfield>
    <subfield code="d">20150918</subfield>
  </datafield>
  <datafield tag="033" ind1=" " ind2=" ">
    <subfield code="a">http://catalogue.bnf.fr/ark:/12148/cb135398562</subfield>
    <subfield code="2">BNF</subfield>
    <subfield code="d">20150918</subfield>
  </datafield>
  <datafield tag="035" ind1=" " ind2=" ">
    <subfield code="a">frBN014757394</subfield>
  </datafield>
  <datafield tag="035" ind1=" " ind2=" ">
    <subfield code="a">FRBNF135398561</subfield>
    <subfield code="z">FRBNF13539856</subfield>
  </datafield>
  <datafield tag="035" ind1=" " ind2=" ">
    <subfield code="a">168033354</subfield>
    <subfield code="2">VIAF</subfield>
    <subfield code="d">20180413</subfield>
  </datafield>
  <datafield tag="035" ind1=" " ind2=" ">
    <subfield code="a">201220427F</subfield>
    <subfield code="2">RNSR</subfield>
    <subfield code="d">20180929</subfield>
  </datafield>
  <datafield tag="100" ind1=" " ind2=" ">
    <subfield code="a">20000117afrey50      ba0</subfield>
  </datafield>
  <datafield tag="101" ind1=" " ind2=" ">
    <subfield code="a">fre</subfield>
  </datafield>
  <datafield tag="102" ind1=" " ind2=" ">
    <subfield code="a">FR</subfield>
  </datafield>
  <datafield tag="103" ind1=" " ind2=" ">
    <subfield code="a"> 1994-    </subfield>
  </datafield>
  <datafield tag="106" ind1=" " ind2=" ">
    <subfield code="a">0</subfield>
    <subfield code="b">1</subfield>
    <subfield code="c">0</subfield>
  </datafield>
  <datafield tag="150" ind1=" " ind2=" ">
    <subfield code="a">z</subfield>
  </datafield>
  <datafield tag="152" ind1=" " ind2=" ">
    <subfield code="a">AFNOR</subfield>
  </datafield>
  <datafield tag="210" ind1="0" ind2="2">
    <subfield code="7">ba0yba0y</subfield>
    <subfield code="8">frefre</subfield>
    <subfield code="9">0</subfield>
    <subfield code="a">Laboratoire d&apos;automatique, de mécanique et d&apos;informatique industrielles et humaines</subfield>
    <subfield code="c">Valenciennes, Nord</subfield>
    <subfield code="c">1994-....</subfield>
  </datafield>
  <datafield tag="340" ind1=" " ind2=" ">
    <subfield code="7">ba0yba0y</subfield>
    <subfield code="a">Remplace  Laboratoire d&apos;automatique industrielle et humaine.</subfield>
  </datafield>
  <datafield tag="340" ind1=" " ind2=" ">
    <subfield code="7">ba0yba0y</subfield>
    <subfield code="a">Université polytechnique Hauts-de-France, Campus Le Mont Houy, 59313 Valenciennes CEDEX 9.</subfield>
  </datafield>
  <datafield tag="410" ind1="0" ind2="2">
    <subfield code="7">ba0yba0y</subfield>
    <subfield code="8">frefre</subfield>
    <subfield code="9">#</subfield>
    <subfield code="a">LAMIH</subfield>
    <subfield code="c">Valenciennes, Nord</subfield>
  </datafield>
  <datafield tag="410" ind1="0" ind2="2">
    <subfield code="7">ba0yba0y</subfield>
    <subfield code="8">frefre</subfield>
    <subfield code="9">#</subfield>
    <subfield code="a">LAIH</subfield>
    <subfield code="c">Valenciennes, Nord</subfield>
  </datafield>
  <datafield tag="410" ind1="0" ind2="2">
    <subfield code="7">ba0yba0y</subfield>
    <subfield code="8">frefre</subfield>
    <subfield code="9">#</subfield>
    <subfield code="a">CNRS</subfield>
    <subfield code="c">France</subfield>
    <subfield code="b">UMR 8201</subfield>
    <subfield code="c">Valenciennes, Nord</subfield>
  </datafield>
  <datafield tag="410" ind1="0" ind2="2">
    <subfield code="7">ba0yba0y</subfield>
    <subfield code="8">frefre</subfield>
    <subfield code="9">#</subfield>
    <subfield code="a">Laboratoire d&apos;automatique industrielle et humaine</subfield>
    <subfield code="c">Valenciennes, Nord</subfield>
  </datafield>
  <datafield tag="410" ind1="0" ind2="2">
    <subfield code="7">ba0yba0y</subfield>
    <subfield code="8">frefre</subfield>
    <subfield code="9">#</subfield>
    <subfield code="a">Laboratoire d&apos;automatique et de mécanique industrielles et humaines</subfield>
    <subfield code="c">Valenciennes, Nord</subfield>
  </datafield>
  <datafield tag="410" ind1="0" ind2="2">
    <subfield code="7">ba0yba0y</subfield>
    <subfield code="8">frefre</subfield>
    <subfield code="9">#</subfield>
    <subfield code="a">Centre national de la recherche scientifique</subfield>
    <subfield code="c">France</subfield>
    <subfield code="b">Unité mixte de recherche 8201</subfield>
    <subfield code="c">Valenciennes, Nord</subfield>
  </datafield>
  <datafield tag="410" ind1="0" ind2="2">
    <subfield code="7">ba0yba0y</subfield>
    <subfield code="8">frefre</subfield>
    <subfield code="9">#</subfield>
    <subfield code="a">Université de Valenciennes et du Hainaut-Cambrésis</subfield>
    <subfield code="b">Laboratoire d&apos;automatique, de mécanique et d&apos;informatique industrielles et humaines</subfield>
  </datafield>
  <datafield tag="410" ind1="0" ind2="2">
    <subfield code="7">ba0yba0y</subfield>
    <subfield code="8">frefre</subfield>
    <subfield code="9">#</subfield>
    <subfield code="a">Université polytechnique Hauts-de-France</subfield>
    <subfield code="c">Valenciennes, Nord</subfield>
    <subfield code="b">Laboratoire d&apos;automatique, de mécanique et d&apos;informatique industrielles et humaines</subfield>
  </datafield>
  <datafield tag="410" ind1="0" ind2="2">
    <subfield code="7">ba0yba0y</subfield>
    <subfield code="8">frefre</subfield>
    <subfield code="9">#</subfield>
    <subfield code="a">UVHC</subfield>
    <subfield code="b">LAMIH</subfield>
    <subfield code="c">Valenciennes, Nord</subfield>
  </datafield>
  <datafield tag="410" ind1="0" ind2="2">
    <subfield code="7">ba0yba0y</subfield>
    <subfield code="8">frefre</subfield>
    <subfield code="9">#</subfield>
    <subfield code="a">UPHF</subfield>
    <subfield code="b">LAMIH</subfield>
    <subfield code="c">Valenciennes, Nord</subfield>
  </datafield>
  <datafield tag="410" ind1="0" ind2="2">
    <subfield code="7">ba0yba0y</subfield>
    <subfield code="8">freeng</subfield>
    <subfield code="9">#</subfield>
    <subfield code="a">Laboratory of Industrial and Human Automation control, Mechanical engineering and Computer Science</subfield>
    <subfield code="c">Valenciennes, Nord</subfield>
  </datafield>
  <datafield tag="510" ind1="0" ind2="2">
    <subfield code="0">1994-....</subfield>
    <subfield code="3">026404079</subfield>
    <subfield code="5">x|xqx</subfield>
    <subfield code="7">ba0yba0y</subfield>
    <subfield code="a">Université polytechnique Hauts-de-France</subfield>
    <subfield code="c">Valenciennes, Nord</subfield>
    <subfield code="c">1964-....</subfield>
  </datafield>
  <datafield tag="801" ind1=" " ind2="3">
    <subfield code="a">FR</subfield>
    <subfield code="b">Abes</subfield>
    <subfield code="c">20190510</subfield>
    <subfield code="g">AFNOR</subfield>
  </datafield>
  <datafield tag="810" ind1=" " ind2=" ">
    <subfield code="a">Rencontres francophones sur la logique floue, 1999</subfield>
  </datafield>
  <datafield tag="810" ind1=" " ind2=" ">
    <subfield code="a">Internet, http://www.univ-valenciennes.fr/LAMIH, 2000-01-21</subfield>
  </datafield>
  <datafield tag="910" ind1=" " ind2=" ">
    <subfield code="a">Laboratoire d&apos;automatique, de mécanique et d&apos;informatique industrielles et humaines (Valenciennes, Nord ; 1994-....)</subfield>
  </datafield>
  <datafield tag="911" ind1=" " ind2=" ">
    <subfield code="a">LAMIH (Valenciennes, Nord)</subfield>
  </datafield>
  <datafield tag="911" ind1=" " ind2=" ">
    <subfield code="a">LAIH (Valenciennes, Nord)</subfield>
  </datafield>
  <datafield tag="911" ind1=" " ind2=" ">
    <subfield code="a">CNRS (France). UMR 8201 (Valenciennes, Nord)</subfield>
  </datafield>
  <datafield tag="911" ind1=" " ind2=" ">
    <subfield code="a">Laboratoire d&apos;automatique industrielle et humaine (Valenciennes, Nord)</subfield>
  </datafield>
  <datafield tag="911" ind1=" " ind2=" ">
    <subfield code="a">Laboratoire d&apos;automatique et de mécanique industrielles et humaines (Valenciennes, Nord)</subfield>
  </datafield>
  <datafield tag="911" ind1=" " ind2=" ">
    <subfield code="a">Centre national de la recherche scientifique (France). Unité mixte de recherche 8201 (Valenciennes, Nord)</subfield>
  </datafield>
  <datafield tag="911" ind1=" " ind2=" ">
    <subfield code="a">Université de Valenciennes et du Hainaut-Cambrésis. Laboratoire d&apos;automatique, de mécanique et d&apos;informatique industrielles et humaines</subfield>
  </datafield>
  <datafield tag="911" ind1=" " ind2=" ">
    <subfield code="a">Université polytechnique Hauts-de-France (Valenciennes, Nord). Laboratoire d&apos;automatique, de mécanique et d&apos;informatique industrielles et humaines</subfield>
  </datafield>
  <datafield tag="911" ind1=" " ind2=" ">
    <subfield code="a">UVHC. LAMIH (Valenciennes, Nord)</subfield>
  </datafield>
  <datafield tag="911" ind1=" " ind2=" ">
    <subfield code="a">UPHF. LAMIH (Valenciennes, Nord)</subfield>
  </datafield>
  <datafield tag="911" ind1=" " ind2=" ">
    <subfield code="a">Laboratory of Industrial and Human Automation control, Mechanical engineering and Computer Science (Valenciennes, Nord)</subfield>
  </datafield>
</record>