


<record>
  <leader>     cx  b22     3  45  </leader>
  <controlfield tag="001">060763477</controlfield>
  <controlfield tag="003">http://www.idref.fr/060763477</controlfield>
  <controlfield tag="004">20020503</controlfield>
  <controlfield tag="005">20190627142429.000</controlfield>
  <controlfield tag="006">751052116</controlfield>
  <controlfield tag="007">596062101</controlfield>
  <controlfield tag="008">Tb5</controlfield>
  <datafield tag="010" ind1=" " ind2=" ">
    <subfield code="a">0000000121986364</subfield>
    <subfield code="2">BNF</subfield>
    <subfield code="d">20180413</subfield>
  </datafield>
  <datafield tag="035" ind1=" " ind2=" ">
    <subfield code="a">199813975D</subfield>
    <subfield code="2">RNSR</subfield>
    <subfield code="d">20180413</subfield>
  </datafield>
  <datafield tag="035" ind1=" " ind2=" ">
    <subfield code="a">167581457</subfield>
    <subfield code="2">VIAF</subfield>
    <subfield code="d">20180413</subfield>
  </datafield>
  <datafield tag="100" ind1=" " ind2=" ">
    <subfield code="a">20020503afrey50      ba0</subfield>
  </datafield>
  <datafield tag="101" ind1=" " ind2=" ">
    <subfield code="a">fre</subfield>
  </datafield>
  <datafield tag="102" ind1=" " ind2=" ">
    <subfield code="a">FR</subfield>
  </datafield>
  <datafield tag="103" ind1=" " ind2=" ">
    <subfield code="a"> 1998     </subfield>
    <subfield code="b"> 20070831 </subfield>
  </datafield>
  <datafield tag="106" ind1=" " ind2=" ">
    <subfield code="a">0</subfield>
    <subfield code="b">1</subfield>
    <subfield code="c">0</subfield>
  </datafield>
  <datafield tag="152" ind1=" " ind2=" ">
    <subfield code="a">AFNOR</subfield>
  </datafield>
  <datafield tag="210" ind1="0" ind2="2">
    <subfield code="7">ba0yba0y</subfield>
    <subfield code="9">0</subfield>
    <subfield code="a">Centre de recherche Histoire, civilisations et cultures des pays du monde occidental</subfield>
    <subfield code="c">Valenciennes, Nord</subfield>
    <subfield code="c">1998-2007</subfield>
  </datafield>
  <datafield tag="340" ind1=" " ind2=" ">
    <subfield code="7">ba0yba0y</subfield>
    <subfield code="a">Université de Valenciennes et du Hainaut-Cambrésis, Campus du Mont Houy 59313 Valenciennes Cedex 9</subfield>
  </datafield>
  <datafield tag="410" ind1="0" ind2="2">
    <subfield code="7">ba0yba0y</subfield>
    <subfield code="9">0</subfield>
    <subfield code="a">Université de Valenciennes et du Hainaut-Cambrésis</subfield>
    <subfield code="b">Centre de recherche Histoire, civilisations et cultures des pays du monde occidental</subfield>
  </datafield>
  <datafield tag="410" ind1="0" ind2="1">
    <subfield code="7">ba0yba0y</subfield>
    <subfield code="a">UVHC</subfield>
    <subfield code="b">CRHiCC</subfield>
    <subfield code="c">Valenciennes, Nord</subfield>
  </datafield>
  <datafield tag="410" ind1="0" ind2="2">
    <subfield code="7">ba0yba0y</subfield>
    <subfield code="9">#</subfield>
    <subfield code="a">CRHiCC</subfield>
    <subfield code="c">Valenciennes, Nord</subfield>
  </datafield>
  <datafield tag="510" ind1="0" ind2="2">
    <subfield code="0">1998-2007</subfield>
    <subfield code="3">026404079</subfield>
    <subfield code="5">x|xqx</subfield>
    <subfield code="7">ba0yba0y</subfield>
    <subfield code="a">Université polytechnique Hauts-de-France</subfield>
    <subfield code="c">Valenciennes, Nord</subfield>
    <subfield code="c">1979-....</subfield>
  </datafield>
  <datafield tag="510" ind1="0" ind2="2">
    <subfield code="0">Après 20070901, voir</subfield>
    <subfield code="3">151777586</subfield>
    <subfield code="5">b|xxx</subfield>
    <subfield code="7">ba0yba0y</subfield>
    <subfield code="a">Laboratoire de cultures, arts, littératures, histoire, imaginaires, sociétés, territoires, environnement</subfield>
    <subfield code="c">Valenciennes, Nord</subfield>
    <subfield code="c">2007-....</subfield>
  </datafield>
  <datafield tag="801" ind1=" " ind2="3">
    <subfield code="a">FR</subfield>
    <subfield code="b">Abes</subfield>
    <subfield code="c">20190627</subfield>
    <subfield code="g">AFNOR</subfield>
  </datafield>
  <datafield tag="810" ind1=" " ind2=" ">
    <subfield code="a">Internet, http://www.univ-valenciennes.fr, 03-05-2002</subfield>
  </datafield>
  <datafield tag="910" ind1=" " ind2=" ">
    <subfield code="a">Centre de recherche Histoire, civilisations et cultures des pays du monde occidental (Valenciennes, Nord ; 1998-2007)</subfield>
  </datafield>
  <datafield tag="911" ind1=" " ind2=" ">
    <subfield code="a">Université de Valenciennes et du Hainaut-Cambrésis. Centre de recherche Histoire, civilisations et cultures des pays du monde occidental</subfield>
  </datafield>
  <datafield tag="911" ind1=" " ind2=" ">
    <subfield code="a">UVHC. CRHiCC (Valenciennes, Nord)</subfield>
  </datafield>
  <datafield tag="911" ind1=" " ind2=" ">
    <subfield code="a">CRHiCC (Valenciennes, Nord)</subfield>
  </datafield>
</record>