


<record>
  <leader>     cx  b22     3  45  </leader>
  <controlfield tag="001">061500666</controlfield>
  <controlfield tag="003">http://www.idref.fr/061500666</controlfield>
  <controlfield tag="004">20020701</controlfield>
  <controlfield tag="005">20031218181004.000</controlfield>
  <controlfield tag="006">103872102</controlfield>
  <controlfield tag="007">1999</controlfield>
  <controlfield tag="008">Tb5</controlfield>
  <datafield tag="100" ind1=" " ind2=" ">
    <subfield code="a">20020701afrey50      ba0</subfield>
  </datafield>
  <datafield tag="101" ind1=" " ind2=" ">
    <subfield code="a">eng</subfield>
  </datafield>
  <datafield tag="106" ind1=" " ind2=" ">
    <subfield code="a">0</subfield>
    <subfield code="b">#</subfield>
    <subfield code="c">#</subfield>
  </datafield>
  <datafield tag="152" ind1=" " ind2=" ">
    <subfield code="a">AFNOR</subfield>
  </datafield>
  <datafield tag="210" ind1="1" ind2="2">
    <subfield code="7">ba0yba0y</subfield>
    <subfield code="a">International Workshop on Electromagnetic Nondestructive Evaluation</subfield>
  </datafield>
  <datafield tag="801" ind1=" " ind2="3">
    <subfield code="a">FR</subfield>
    <subfield code="b">Abes</subfield>
    <subfield code="c">20031218</subfield>
    <subfield code="g">AFNOR</subfield>
  </datafield>
  <datafield tag="810" ind1=" " ind2=" ">
    <subfield code="a">Electromagnetic nondestructive evaluation (V) / [Sixth International Workshop on Electromagnetic Nondestructive Evaluation, 28th to 30th June 2001, Budapest, Hungary] ; ed. by J. Pávó,... G. Vértesy,... T. Takagi,... [et al.], Amsterdam, cop. 2001</subfield>
  </datafield>
  <datafield tag="910" ind1=" " ind2=" ">
    <subfield code="a">International Workshop on Electromagnetic Nondestructive Evaluation</subfield>
  </datafield>
</record>