


<record>
  <leader>     cx  b22     3  45  </leader>
  <controlfield tag="001">074146653</controlfield>
  <controlfield tag="003">http://www.idref.fr/074146653</controlfield>
  <controlfield tag="004">20030922</controlfield>
  <controlfield tag="005">20031218183449.000</controlfield>
  <controlfield tag="006">590092238</controlfield>
  <controlfield tag="007">1999</controlfield>
  <controlfield tag="008">Tb5</controlfield>
  <datafield tag="100" ind1=" " ind2=" ">
    <subfield code="a">20030922afrey50      ba0</subfield>
  </datafield>
  <datafield tag="106" ind1=" " ind2=" ">
    <subfield code="a">0</subfield>
    <subfield code="b">1</subfield>
    <subfield code="c">0</subfield>
  </datafield>
  <datafield tag="150" ind1=" " ind2=" ">
    <subfield code="a">y</subfield>
  </datafield>
  <datafield tag="152" ind1=" " ind2=" ">
    <subfield code="a">AFNOR</subfield>
  </datafield>
  <datafield tag="210" ind1="0" ind2="2">
    <subfield code="7">ba0yba0y</subfield>
    <subfield code="9">1</subfield>
    <subfield code="a">Kreisler String Quartet</subfield>
  </datafield>
  <datafield tag="300" ind1=" " ind2=" ">
    <subfield code="7">ba0yba0y</subfield>
    <subfield code="a">Quatuor à cordes composé de Fritz Kreisler &amp; Thomas Petre (violons), William Primrose (alto) et Lauri Kennedy (violoncelle)</subfield>
  </datafield>
  <datafield tag="801" ind1=" " ind2="3">
    <subfield code="a">FR</subfield>
    <subfield code="b">Abes</subfield>
    <subfield code="c">20031218</subfield>
    <subfield code="g">AFNOR</subfield>
  </datafield>
  <datafield tag="810" ind1=" " ind2=" ">
    <subfield code="a">Original compositions &amp; arrangements [Enregistrement sonore] / Fritz Kreisler, comp., vl ; Franz Rupp, Michael Raucheisein, p ; Kreisler String Quartet. - EMI records, 1993</subfield>
  </datafield>
  <datafield tag="910" ind1=" " ind2=" ">
    <subfield code="a">Kreisler String Quartet</subfield>
  </datafield>
</record>