


<record>
  <leader>     cx  b22     3  45  </leader>
  <controlfield tag="001">078618746</controlfield>
  <controlfield tag="003">http://www.idref.fr/078618746</controlfield>
  <controlfield tag="004">19930924</controlfield>
  <controlfield tag="005">20190222105833.000</controlfield>
  <controlfield tag="006">0004</controlfield>
  <controlfield tag="007">315552218</controlfield>
  <controlfield tag="008">Tb5</controlfield>
  <datafield tag="033" ind1=" " ind2=" ">
    <subfield code="a">http://catalogue.bnf.fr/ark:/12148/cb139585025</subfield>
    <subfield code="2">BNF</subfield>
    <subfield code="d">20150918</subfield>
  </datafield>
  <datafield tag="035" ind1=" " ind2=" ">
    <subfield code="a">FRBNF139585028</subfield>
    <subfield code="z">FRBNF13958502</subfield>
  </datafield>
  <datafield tag="100" ind1=" " ind2=" ">
    <subfield code="a">19930924afrey50      ba0</subfield>
  </datafield>
  <datafield tag="102" ind1=" " ind2=" ">
    <subfield code="a">US</subfield>
  </datafield>
  <datafield tag="103" ind1=" " ind2=" ">
    <subfield code="a"> 1986     </subfield>
  </datafield>
  <datafield tag="106" ind1=" " ind2=" ">
    <subfield code="a">1</subfield>
    <subfield code="b">#</subfield>
  </datafield>
  <datafield tag="150" ind1=" " ind2=" ">
    <subfield code="a">y</subfield>
  </datafield>
  <datafield tag="152" ind1=" " ind2=" ">
    <subfield code="a">AFNOR</subfield>
  </datafield>
  <datafield tag="210" ind1="0" ind2=" ">
    <subfield code="7">ba0yba0y</subfield>
    <subfield code="8">freeng</subfield>
    <subfield code="9">0</subfield>
    <subfield code="a">Chick Corea Elektric Band II</subfield>
  </datafield>
  <datafield tag="300" ind1=" " ind2=" ">
    <subfield code="7">ba0yba0y</subfield>
    <subfield code="a">Groupe instrumental. Jazz. Jazz-rock</subfield>
  </datafield>
  <datafield tag="410" ind1="0" ind2=" ">
    <subfield code="7">ba0yba0y</subfield>
    <subfield code="8">freeng</subfield>
    <subfield code="9">#</subfield>
    <subfield code="a">Chick Corea Electric Band II</subfield>
  </datafield>
  <datafield tag="500" ind1=" " ind2="1">
    <subfield code="3">078532183</subfield>
    <subfield code="5">x|xnx</subfield>
    <subfield code="7">ba0yba0y</subfield>
    <subfield code="a">Corea</subfield>
    <subfield code="b">Chick</subfield>
    <subfield code="f">1941-....</subfield>
  </datafield>
  <datafield tag="500" ind1=" " ind2="1">
    <subfield code="3">233505172</subfield>
    <subfield code="5">x|xlx</subfield>
    <subfield code="7">ba0yba0y</subfield>
    <subfield code="a">Marienthal</subfield>
    <subfield code="b">Eric</subfield>
    <subfield code="f">1957-....</subfield>
  </datafield>
  <datafield tag="500" ind1=" " ind2="1">
    <subfield code="3">233523995</subfield>
    <subfield code="5">x|xlx</subfield>
    <subfield code="7">ba0yba0y</subfield>
    <subfield code="a">Earl</subfield>
    <subfield code="b">Jimmy</subfield>
    <subfield code="f">1957-....</subfield>
  </datafield>
  <datafield tag="500" ind1=" " ind2="1">
    <subfield code="3">233523111</subfield>
    <subfield code="5">x|xlx</subfield>
    <subfield code="7">ba0yba0y</subfield>
    <subfield code="a">Novak</subfield>
    <subfield code="b">Gary</subfield>
    <subfield code="f">1969-....</subfield>
  </datafield>
  <datafield tag="510" ind1="0" ind2=" ">
    <subfield code="0">Antérieurement, voir</subfield>
    <subfield code="3">080493556</subfield>
    <subfield code="5">a|xxx</subfield>
    <subfield code="7">ba0yba0y</subfield>
    <subfield code="a">Chick Corea Elektric Band</subfield>
  </datafield>
  <datafield tag="801" ind1=" " ind2="0">
    <subfield code="a">FR</subfield>
    <subfield code="b">BnF</subfield>
    <subfield code="c">20040426</subfield>
  </datafield>
  <datafield tag="801" ind1=" " ind2="3">
    <subfield code="a">FR</subfield>
    <subfield code="b">Abes</subfield>
    <subfield code="c">20190222</subfield>
    <subfield code="g">AFNOR</subfield>
  </datafield>
  <datafield tag="810" ind1=" " ind2=" ">
    <subfield code="a">Dictionnaire du jazz / Philippe Carles, André Clergeat, Jean-Louis Comoli, 1991</subfield>
  </datafield>
  <datafield tag="810" ind1=" " ind2=" ">
    <subfield code="a">https://www.allmusic.com/album/paint-the-world-mw0000101865 (2019-01-25)</subfield>
  </datafield>
  <datafield tag="910" ind1=" " ind2=" ">
    <subfield code="a">Chick Corea Elektric Band II</subfield>
  </datafield>
  <datafield tag="911" ind1=" " ind2=" ">
    <subfield code="a">Chick Corea Electric Band II</subfield>
  </datafield>
</record>