


<record>
  <leader>     cx  b22     3  45  </leader>
  <controlfield tag="001">078974720</controlfield>
  <controlfield tag="003">http://www.idref.fr/078974720</controlfield>
  <controlfield tag="004">19890601</controlfield>
  <controlfield tag="005">20151003051857.000</controlfield>
  <controlfield tag="006">0004</controlfield>
  <controlfield tag="007">4994</controlfield>
  <controlfield tag="008">Tb5</controlfield>
  <datafield tag="010" ind1=" " ind2=" ">
    <subfield code="a">0000000107075353</subfield>
    <subfield code="2">BNF</subfield>
    <subfield code="d">20150918</subfield>
  </datafield>
  <datafield tag="033" ind1=" " ind2=" ">
    <subfield code="a">http://catalogue.bnf.fr/ark:/12148/cb13901932g</subfield>
    <subfield code="2">BNF</subfield>
    <subfield code="d">20150918</subfield>
  </datafield>
  <datafield tag="035" ind1=" " ind2=" ">
    <subfield code="a">FRBNF139019329</subfield>
    <subfield code="z">FRBNF13901932</subfield>
  </datafield>
  <datafield tag="100" ind1=" " ind2=" ">
    <subfield code="a">19890601afrey50      ba0</subfield>
  </datafield>
  <datafield tag="102" ind1=" " ind2=" ">
    <subfield code="a">NO</subfield>
  </datafield>
  <datafield tag="103" ind1=" " ind2=" ">
    <subfield code="a"> 1765     </subfield>
  </datafield>
  <datafield tag="106" ind1=" " ind2=" ">
    <subfield code="a">1</subfield>
    <subfield code="b">#</subfield>
  </datafield>
  <datafield tag="150" ind1=" " ind2=" ">
    <subfield code="a">y</subfield>
  </datafield>
  <datafield tag="152" ind1=" " ind2=" ">
    <subfield code="a">AFNOR</subfield>
  </datafield>
  <datafield tag="210" ind1="0" ind2=" ">
    <subfield code="7">ba0yba0y</subfield>
    <subfield code="8">fre</subfield>
    <subfield code="9">0</subfield>
    <subfield code="a">Bergen Filharmoniske Orkester</subfield>
  </datafield>
  <datafield tag="300" ind1=" " ind2=" ">
    <subfield code="7">ba0yba0y</subfield>
    <subfield code="a">Orchestre classique</subfield>
  </datafield>
  <datafield tag="300" ind1=" " ind2=" ">
    <subfield code="7">ba0yba0y</subfield>
    <subfield code="a">Adresse : Bergen (Norvège)</subfield>
  </datafield>
  <datafield tag="410" ind1="0" ind2=" ">
    <subfield code="7">ba0yba0y</subfield>
    <subfield code="8">fre</subfield>
    <subfield code="9">#</subfield>
    <subfield code="a">Orchestre Philharmonique de Bergen</subfield>
  </datafield>
  <datafield tag="410" ind1="0" ind2=" ">
    <subfield code="7">ba0yba0y</subfield>
    <subfield code="8">fre</subfield>
    <subfield code="9">#</subfield>
    <subfield code="a">Bergen Philharmonic Orchestra</subfield>
  </datafield>
  <datafield tag="410" ind1="0" ind2=" ">
    <subfield code="7">ba0yba0y</subfield>
    <subfield code="8">fre</subfield>
    <subfield code="9">#</subfield>
    <subfield code="a">Musikselskabet Harmonien</subfield>
  </datafield>
  <datafield tag="500" ind1=" " ind2="1">
    <subfield code="0">Dirigé par</subfield>
    <subfield code="3">07897450X</subfield>
    <subfield code="5">z|xxx</subfield>
    <subfield code="7">ba0yba0y</subfield>
    <subfield code="a">Kitaenko</subfield>
    <subfield code="b">Dmitrij</subfield>
    <subfield code="f">1940-....</subfield>
  </datafield>
  <datafield tag="500" ind1=" " ind2="1">
    <subfield code="Q">FRBNF13963677</subfield>
    <subfield code="5">z|xxx</subfield>
    <subfield code="7">ba0yba0y</subfield>
    <subfield code="a">Andersen</subfield>
    <subfield code="b">Karsten</subfield>
  </datafield>
  <datafield tag="801" ind1=" " ind2="0">
    <subfield code="a">FR</subfield>
    <subfield code="b">BnF</subfield>
    <subfield code="c">20040514</subfield>
  </datafield>
  <datafield tag="801" ind1=" " ind2="3">
    <subfield code="a">FR</subfield>
    <subfield code="b">Abes</subfield>
    <subfield code="c">20151003</subfield>
    <subfield code="g">AFNOR</subfield>
  </datafield>
  <datafield tag="810" ind1=" " ind2=" ">
    <subfield code="a">Bolero [Enregistrement sonore] / Ravel, Dukas... [et al.], comp.; [...] Dmitri Kitaenko, dir. Virgin classics 5619012</subfield>
  </datafield>
  <datafield tag="856" ind1=" " ind2=" ">
    <subfield code="e">2004-05-14</subfield>
    <subfield code="u">http://www.harmonien.no</subfield>
  </datafield>
  <datafield tag="910" ind1=" " ind2=" ">
    <subfield code="a">Bergen Filharmoniske Orkester</subfield>
  </datafield>
  <datafield tag="911" ind1=" " ind2=" ">
    <subfield code="a">Orchestre Philharmonique de Bergen</subfield>
  </datafield>
  <datafield tag="911" ind1=" " ind2=" ">
    <subfield code="a">Bergen Philharmonic Orchestra</subfield>
  </datafield>
  <datafield tag="911" ind1=" " ind2=" ">
    <subfield code="a">Musikselskabet Harmonien</subfield>
  </datafield>
</record>