


<record>
  <leader>     cx  b22     3  45  </leader>
  <controlfield tag="001">080493165</controlfield>
  <controlfield tag="003">http://www.idref.fr/080493165</controlfield>
  <controlfield tag="004">19890601</controlfield>
  <controlfield tag="005">20151003052045.000</controlfield>
  <controlfield tag="006">0004</controlfield>
  <controlfield tag="007">4994</controlfield>
  <controlfield tag="008">Tb5</controlfield>
  <datafield tag="010" ind1=" " ind2=" ">
    <subfield code="a">0000000121494319</subfield>
    <subfield code="2">BNF</subfield>
    <subfield code="d">20150918</subfield>
  </datafield>
  <datafield tag="033" ind1=" " ind2=" ">
    <subfield code="a">http://catalogue.bnf.fr/ark:/12148/cb13906141f</subfield>
    <subfield code="2">BNF</subfield>
    <subfield code="d">20150918</subfield>
  </datafield>
  <datafield tag="035" ind1=" " ind2=" ">
    <subfield code="a">FRBNF139061417</subfield>
    <subfield code="z">FRBNF13906141</subfield>
  </datafield>
  <datafield tag="100" ind1=" " ind2=" ">
    <subfield code="a">19890601afrey50      ba0</subfield>
  </datafield>
  <datafield tag="102" ind1=" " ind2=" ">
    <subfield code="a">US</subfield>
  </datafield>
  <datafield tag="103" ind1=" " ind2=" ">
    <subfield code="a"> 1973     </subfield>
    <subfield code="b"> 1978     </subfield>
  </datafield>
  <datafield tag="106" ind1=" " ind2=" ">
    <subfield code="a">1</subfield>
    <subfield code="b">#</subfield>
  </datafield>
  <datafield tag="150" ind1=" " ind2=" ">
    <subfield code="a">y</subfield>
  </datafield>
  <datafield tag="152" ind1=" " ind2=" ">
    <subfield code="a">AFNOR</subfield>
  </datafield>
  <datafield tag="210" ind1="0" ind2=" ">
    <subfield code="7">ba0yba0y</subfield>
    <subfield code="8">fre</subfield>
    <subfield code="9">0</subfield>
    <subfield code="a">Return to forever</subfield>
  </datafield>
  <datafield tag="300" ind1="0" ind2=" ">
    <subfield code="7">ba0yba0y</subfield>
    <subfield code="a">Groupe de jazz rock</subfield>
  </datafield>
  <datafield tag="340" ind1=" " ind2=" ">
    <subfield code="7">ba0yba0y</subfield>
    <subfield code="a">Moriera, Airto, Batt, perc (1973)</subfield>
  </datafield>
  <datafield tag="410" ind1="0" ind2=" ">
    <subfield code="7">ba0yba0y</subfield>
    <subfield code="8">fre</subfield>
    <subfield code="9">1</subfield>
    <subfield code="a">RTF</subfield>
  </datafield>
  <datafield tag="410" ind1="0" ind2=" ">
    <subfield code="7">ba0yba0y</subfield>
    <subfield code="8">fre</subfield>
    <subfield code="9">1</subfield>
    <subfield code="a">Chick Corea and Return to forever</subfield>
  </datafield>
  <datafield tag="500" ind1=" " ind2="1">
    <subfield code="0">Dirigé par</subfield>
    <subfield code="3">078532183</subfield>
    <subfield code="5">z|xxx</subfield>
    <subfield code="7">ba0yba0y</subfield>
    <subfield code="a">Corea</subfield>
    <subfield code="b">Chick</subfield>
    <subfield code="f">1941-....</subfield>
  </datafield>
  <datafield tag="500" ind1=" " ind2="1">
    <subfield code="Q">FRBNF13893809</subfield>
    <subfield code="7">ba0yba0y</subfield>
    <subfield code="a">Farrell</subfield>
    <subfield code="b">Joe</subfield>
    <subfield code="f">1936-1986</subfield>
  </datafield>
  <datafield tag="500" ind1=" " ind2="1">
    <subfield code="Q">FRBNF13901128</subfield>
    <subfield code="7">ba0yba0y</subfield>
    <subfield code="a">White</subfield>
    <subfield code="b">Lenny</subfield>
    <subfield code="f">1949-....</subfield>
  </datafield>
  <datafield tag="500" ind1=" " ind2="1">
    <subfield code="Q">FRBNF13892539</subfield>
    <subfield code="7">ba0yba0y</subfield>
    <subfield code="a">Clarke</subfield>
    <subfield code="b">Stanley</subfield>
    <subfield code="f">1951-....</subfield>
  </datafield>
  <datafield tag="500" ind1=" " ind2="1">
    <subfield code="3">157035611</subfield>
    <subfield code="7">ba0yba0y</subfield>
    <subfield code="a">Laird</subfield>
    <subfield code="b">Rick</subfield>
    <subfield code="f">1941-....</subfield>
  </datafield>
  <datafield tag="801" ind1=" " ind2="0">
    <subfield code="a">FR</subfield>
    <subfield code="b">BnF</subfield>
    <subfield code="c">20020424</subfield>
  </datafield>
  <datafield tag="801" ind1=" " ind2="3">
    <subfield code="a">FR</subfield>
    <subfield code="b">Abes</subfield>
    <subfield code="c">20151003</subfield>
    <subfield code="g">AFNOR</subfield>
  </datafield>
  <datafield tag="910" ind1=" " ind2=" ">
    <subfield code="a">Return to forever</subfield>
  </datafield>
  <datafield tag="911" ind1=" " ind2=" ">
    <subfield code="a">RTF</subfield>
  </datafield>
  <datafield tag="911" ind1=" " ind2=" ">
    <subfield code="a">Chick Corea and Return to forever</subfield>
  </datafield>
</record>