


<record>
  <leader>     cx  b22     3  45  </leader>
  <controlfield tag="001">080493556</controlfield>
  <controlfield tag="003">http://www.idref.fr/080493556</controlfield>
  <controlfield tag="004">19911018</controlfield>
  <controlfield tag="005">20190222134146.000</controlfield>
  <controlfield tag="006">0004</controlfield>
  <controlfield tag="007">315552218</controlfield>
  <controlfield tag="008">Tb5</controlfield>
  <datafield tag="035" ind1=" " ind2=" ">
    <subfield code="a">FRBNF139432445</subfield>
    <subfield code="z">FRBNF13943244</subfield>
  </datafield>
  <datafield tag="100" ind1=" " ind2=" ">
    <subfield code="a">19911018afrey50      ba0</subfield>
  </datafield>
  <datafield tag="102" ind1=" " ind2=" ">
    <subfield code="a">US</subfield>
  </datafield>
  <datafield tag="103" ind1=" " ind2=" ">
    <subfield code="a"> 1986     </subfield>
    <subfield code="b"> 199.    ?</subfield>
  </datafield>
  <datafield tag="106" ind1=" " ind2=" ">
    <subfield code="a">1</subfield>
    <subfield code="b">#</subfield>
  </datafield>
  <datafield tag="150" ind1=" " ind2=" ">
    <subfield code="a">y</subfield>
  </datafield>
  <datafield tag="152" ind1=" " ind2=" ">
    <subfield code="a">AFNOR</subfield>
  </datafield>
  <datafield tag="210" ind1="0" ind2=" ">
    <subfield code="7">ba0yba0y</subfield>
    <subfield code="8">freeng</subfield>
    <subfield code="9">0</subfield>
    <subfield code="a">Chick Corea Elektric Band</subfield>
  </datafield>
  <datafield tag="300" ind1="0" ind2=" ">
    <subfield code="7">ba0yba0y</subfield>
    <subfield code="a">Groupe instrumental. Jazz.Jazz fusion.</subfield>
  </datafield>
  <datafield tag="300" ind1=" " ind2=" ">
    <subfield code="7">ba0yba0y</subfield>
    <subfield code="a">Adresse : Los Angeles</subfield>
  </datafield>
  <datafield tag="410" ind1="0" ind2=" ">
    <subfield code="7">ba0yba0y</subfield>
    <subfield code="8">freeng</subfield>
    <subfield code="9">#</subfield>
    <subfield code="a">Chick Corea Electric Band</subfield>
  </datafield>
  <datafield tag="410" ind1="0" ind2=" ">
    <subfield code="7">ba0yba0y</subfield>
    <subfield code="8">freeng</subfield>
    <subfield code="9">#</subfield>
    <subfield code="a">The Chick Corea Elektric Band</subfield>
  </datafield>
  <datafield tag="500" ind1=" " ind2="1">
    <subfield code="3">078532183</subfield>
    <subfield code="5">x|xnx</subfield>
    <subfield code="7">ba0yba0y</subfield>
    <subfield code="a">Corea</subfield>
    <subfield code="b">Chick</subfield>
    <subfield code="f">1941-....</subfield>
  </datafield>
  <datafield tag="500" ind1=" " ind2="1">
    <subfield code="3">114665508</subfield>
    <subfield code="5">x|xlx</subfield>
    <subfield code="7">ba0yba0y</subfield>
    <subfield code="a">Patitucci</subfield>
    <subfield code="b">John</subfield>
    <subfield code="f">1959-....</subfield>
  </datafield>
  <datafield tag="500" ind1=" " ind2="1">
    <subfield code="3">156388146</subfield>
    <subfield code="5">x|xlx</subfield>
    <subfield code="7">ba0yba0y</subfield>
    <subfield code="a">Weckl</subfield>
    <subfield code="b">Dave</subfield>
    <subfield code="f">1960-....</subfield>
  </datafield>
  <datafield tag="500" ind1=" " ind2="1">
    <subfield code="3">156835932</subfield>
    <subfield code="5">x|xlx</subfield>
    <subfield code="7">ba0yba0y</subfield>
    <subfield code="a">Henderson</subfield>
    <subfield code="b">Scott</subfield>
    <subfield code="f">1955-....</subfield>
  </datafield>
  <datafield tag="500" ind1=" " ind2="1">
    <subfield code="3">233505172</subfield>
    <subfield code="5">x|xlx</subfield>
    <subfield code="7">ba0yba0y</subfield>
    <subfield code="a">Marienthal</subfield>
    <subfield code="b">Eric</subfield>
    <subfield code="f">1957-....</subfield>
  </datafield>
  <datafield tag="500" ind1=" " ind2="1">
    <subfield code="3">157332144</subfield>
    <subfield code="5">x|xlx</subfield>
    <subfield code="7">ba0yba0y</subfield>
    <subfield code="a">Gambale</subfield>
    <subfield code="b">Frank</subfield>
    <subfield code="f">1958-....</subfield>
  </datafield>
  <datafield tag="510" ind1="0" ind2=" ">
    <subfield code="0">Postérieurement, voir</subfield>
    <subfield code="3">078618746</subfield>
    <subfield code="5">b|xxx</subfield>
    <subfield code="7">ba0yba0y</subfield>
    <subfield code="a">Chick Corea Elektric Band II</subfield>
  </datafield>
  <datafield tag="801" ind1=" " ind2="0">
    <subfield code="a">FR</subfield>
    <subfield code="b">BnF</subfield>
    <subfield code="c">19961014</subfield>
  </datafield>
  <datafield tag="801" ind1=" " ind2="3">
    <subfield code="a">FR</subfield>
    <subfield code="b">Abes</subfield>
    <subfield code="c">20190222</subfield>
    <subfield code="g">AFNOR</subfield>
  </datafield>
  <datafield tag="810" ind1=" " ind2=" ">
    <subfield code="a">Library of congress authorities - https://lccn.loc.gov/n91122097, 24-01-2019</subfield>
    <subfield code="b">Chick Corea Elektric Band - Groupe dirigé par Chick Corea (claviers, progr. synth.). Membres du groupe : John Patitucci (bc. électrique et acoustique) , Dave Weckl (batt. électrique et acoustique, perc.), Scott Henderson (guit.), Carlos Rios (guit.).</subfield>
  </datafield>
  <datafield tag="810" ind1=" " ind2=" ">
    <subfield code="a">Inside out / Chick Corea Elektric Band, 1991</subfield>
    <subfield code="b">Membres du groupe: Franck Gambale (guit.), Eric Marienthal (saxo)</subfield>
  </datafield>
  <datafield tag="910" ind1=" " ind2=" ">
    <subfield code="a">Chick Corea Elektric Band</subfield>
  </datafield>
  <datafield tag="911" ind1=" " ind2=" ">
    <subfield code="a">Chick Corea Electric Band</subfield>
  </datafield>
  <datafield tag="911" ind1=" " ind2=" ">
    <subfield code="a">The Chick Corea Elektric Band</subfield>
  </datafield>
</record>