


<record>
  <leader>     cx  b22     3  45  </leader>
  <controlfield tag="001">080494757</controlfield>
  <controlfield tag="003">http://www.idref.fr/080494757</controlfield>
  <controlfield tag="004">19890601</controlfield>
  <controlfield tag="005">20151003052044.000</controlfield>
  <controlfield tag="006">0004</controlfield>
  <controlfield tag="007">4994</controlfield>
  <controlfield tag="008">Tb5</controlfield>
  <datafield tag="010" ind1=" " ind2=" ">
    <subfield code="a">0000000121108350</subfield>
    <subfield code="2">BNF</subfield>
    <subfield code="d">20150918</subfield>
  </datafield>
  <datafield tag="033" ind1=" " ind2=" ">
    <subfield code="a">http://catalogue.bnf.fr/ark:/12148/cb13906078h</subfield>
    <subfield code="2">BNF</subfield>
    <subfield code="d">20150918</subfield>
  </datafield>
  <datafield tag="035" ind1=" " ind2=" ">
    <subfield code="a">FRBNF139060781</subfield>
    <subfield code="z">FRBNF13906078</subfield>
  </datafield>
  <datafield tag="100" ind1=" " ind2=" ">
    <subfield code="a">19890601afrey50      ba0</subfield>
  </datafield>
  <datafield tag="102" ind1=" " ind2=" ">
    <subfield code="a">FR</subfield>
  </datafield>
  <datafield tag="103" ind1=" " ind2=" ">
    <subfield code="a"> 1934     </subfield>
    <subfield code="b"> 1944     </subfield>
  </datafield>
  <datafield tag="106" ind1=" " ind2=" ">
    <subfield code="a">0</subfield>
    <subfield code="b">1</subfield>
    <subfield code="c">0</subfield>
  </datafield>
  <datafield tag="150" ind1=" " ind2=" ">
    <subfield code="a">y</subfield>
  </datafield>
  <datafield tag="152" ind1=" " ind2=" ">
    <subfield code="a">AFNOR</subfield>
  </datafield>
  <datafield tag="210" ind1="0" ind2=" ">
    <subfield code="7">ba0yba0y</subfield>
    <subfield code="8">fre</subfield>
    <subfield code="9">0</subfield>
    <subfield code="a">Radiodiffusion française</subfield>
    <subfield code="c">Paris</subfield>
    <subfield code="b">Orchestre national</subfield>
  </datafield>
  <datafield tag="340" ind1=" " ind2=" ">
    <subfield code="7">ba0yba0y</subfield>
    <subfield code="a">Inghelbrecht, Désiré-Emile, direction (1934-1944)</subfield>
  </datafield>
  <datafield tag="410" ind1="0" ind2=" ">
    <subfield code="7">ba0yba0y</subfield>
    <subfield code="8">fre</subfield>
    <subfield code="9">#</subfield>
    <subfield code="a">Orchestre national de la RDF</subfield>
  </datafield>
  <datafield tag="500" ind1=" " ind2="1">
    <subfield code="0">Dirigé par</subfield>
    <subfield code="3">033538530</subfield>
    <subfield code="5">z|xxx</subfield>
    <subfield code="7">ba0yba0y</subfield>
    <subfield code="a">Inghelbrecht</subfield>
    <subfield code="b">Désiré-Émile</subfield>
    <subfield code="f">1880-1965</subfield>
  </datafield>
  <datafield tag="510" ind1="0" ind2=" ">
    <subfield code="0">Après 1944, voir</subfield>
    <subfield code="3">079461018</subfield>
    <subfield code="7">ba0yba0y</subfield>
    <subfield code="a">Radiodiffusion-Télévision Française</subfield>
    <subfield code="c">Paris</subfield>
    <subfield code="b">Orchestre national</subfield>
  </datafield>
  <datafield tag="686" ind1=" " ind2=" ">
    <subfield code="a">780</subfield>
    <subfield code="c">Musique</subfield>
    <subfield code="2">Note de regroupement par domaine</subfield>
  </datafield>
  <datafield tag="801" ind1=" " ind2="0">
    <subfield code="a">FR</subfield>
    <subfield code="b">BnF</subfield>
    <subfield code="c">20040705</subfield>
  </datafield>
  <datafield tag="801" ind1=" " ind2="3">
    <subfield code="a">FR</subfield>
    <subfield code="b">Abes</subfield>
    <subfield code="c">20151003</subfield>
    <subfield code="g">AFNOR</subfield>
  </datafield>
  <datafield tag="810" ind1=" " ind2=" ">
    <subfield code="a">http://www.radiofrance.fr (2004-06-09)</subfield>
  </datafield>
  <datafield tag="910" ind1=" " ind2=" ">
    <subfield code="a">Radiodiffusion française (Paris). Orchestre national</subfield>
  </datafield>
  <datafield tag="911" ind1=" " ind2=" ">
    <subfield code="a">Orchestre national de la RDF</subfield>
  </datafield>
</record>