


<record>
  <leader>     cx  b22     3  45  </leader>
  <controlfield tag="001">080853420</controlfield>
  <controlfield tag="003">http://www.idref.fr/080853420</controlfield>
  <controlfield tag="004">19890601</controlfield>
  <controlfield tag="005">20160909191234.000</controlfield>
  <controlfield tag="006">0004</controlfield>
  <controlfield tag="007">9999</controlfield>
  <controlfield tag="008">Tb5</controlfield>
  <datafield tag="010" ind1=" " ind2=" ">
    <subfield code="a">0000000121916470</subfield>
    <subfield code="2">BNF</subfield>
    <subfield code="d">20150918</subfield>
  </datafield>
  <datafield tag="033" ind1=" " ind2=" ">
    <subfield code="a">http://catalogue.bnf.fr/ark:/12148/cb139054620</subfield>
    <subfield code="2">BNF</subfield>
    <subfield code="d">20150918</subfield>
  </datafield>
  <datafield tag="035" ind1=" " ind2=" ">
    <subfield code="a">FRBNF139054629</subfield>
    <subfield code="z">FRBNF13905462</subfield>
  </datafield>
  <datafield tag="100" ind1=" " ind2=" ">
    <subfield code="a">19890601afrey50      ba0</subfield>
  </datafield>
  <datafield tag="102" ind1=" " ind2=" ">
    <subfield code="a">FR</subfield>
  </datafield>
  <datafield tag="103" ind1=" " ind2=" ">
    <subfield code="a"> 1898     </subfield>
    <subfield code="b"> 1972     </subfield>
  </datafield>
  <datafield tag="106" ind1=" " ind2=" ">
    <subfield code="a">1</subfield>
    <subfield code="b">#</subfield>
  </datafield>
  <datafield tag="150" ind1=" " ind2=" ">
    <subfield code="a">y</subfield>
  </datafield>
  <datafield tag="152" ind1=" " ind2=" ">
    <subfield code="a">AFNOR</subfield>
  </datafield>
  <datafield tag="210" ind1="0" ind2=" ">
    <subfield code="7">ba0yba0y</subfield>
    <subfield code="8">fre</subfield>
    <subfield code="9">0</subfield>
    <subfield code="a">Théâtre National de L&apos;Opéra-Comique</subfield>
    <subfield code="c">Paris</subfield>
    <subfield code="b">Orchestre</subfield>
  </datafield>
  <datafield tag="300" ind1=" " ind2=" ">
    <subfield code="7">ba0yba0y</subfield>
    <subfield code="a">Adresse : Paris</subfield>
  </datafield>
  <datafield tag="340" ind1=" " ind2=" ">
    <subfield code="7">ba0yba0y</subfield>
    <subfield code="a">Messager, André, chef d&apos;orchestre (1898-1904,1919-1922)</subfield>
  </datafield>
  <datafield tag="410" ind1="0" ind2=" ">
    <subfield code="7">ba0yba0y</subfield>
    <subfield code="8">fre</subfield>
    <subfield code="9">#</subfield>
    <subfield code="a">Orchestre de l&apos;Opéra-Comique de Paris</subfield>
  </datafield>
  <datafield tag="500" ind1=" " ind2="1">
    <subfield code="0">Dirigé par</subfield>
    <subfield code="3">03376879X</subfield>
    <subfield code="5">z|xxx</subfield>
    <subfield code="7">ba0yba0y</subfield>
    <subfield code="a">Messager</subfield>
    <subfield code="b">André</subfield>
    <subfield code="f">1853-1929</subfield>
  </datafield>
  <datafield tag="500" ind1=" " ind2="1">
    <subfield code="0">Dirigé par</subfield>
    <subfield code="3">081222742</subfield>
    <subfield code="5">z|xxx</subfield>
    <subfield code="7">ba0yba0y</subfield>
    <subfield code="a">Luigini</subfield>
    <subfield code="b">Alexandre</subfield>
    <subfield code="f">1850-1906</subfield>
  </datafield>
  <datafield tag="500" ind1=" " ind2="1">
    <subfield code="0">Dirigé par</subfield>
    <subfield code="3">081222750</subfield>
    <subfield code="5">z|xxx</subfield>
    <subfield code="7">ba0yba0y</subfield>
    <subfield code="a">Ruhlmann</subfield>
    <subfield code="b">François</subfield>
    <subfield code="f">1868-1948</subfield>
  </datafield>
  <datafield tag="500" ind1=" " ind2="1">
    <subfield code="0">Dirigé par</subfield>
    <subfield code="3">061792179</subfield>
    <subfield code="5">z|xxx</subfield>
    <subfield code="7">ba0yba0y</subfield>
    <subfield code="a">Vidal</subfield>
    <subfield code="b">Paul</subfield>
    <subfield code="f">1863-1931</subfield>
  </datafield>
  <datafield tag="500" ind1=" " ind2="1">
    <subfield code="0">Dirigé par</subfield>
    <subfield code="3">060590920</subfield>
    <subfield code="5">z|xxx</subfield>
    <subfield code="7">ba0yba0y</subfield>
    <subfield code="a">Wolff</subfield>
    <subfield code="b">Albert</subfield>
    <subfield code="f">1884-1970</subfield>
  </datafield>
  <datafield tag="500" ind1=" " ind2="1">
    <subfield code="0">Dirigé par</subfield>
    <subfield code="3">033538530</subfield>
    <subfield code="5">z|xxx</subfield>
    <subfield code="7">ba0yba0y</subfield>
    <subfield code="a">Inghelbrecht</subfield>
    <subfield code="b">Désiré-Émile</subfield>
    <subfield code="f">1880-1965</subfield>
  </datafield>
  <datafield tag="500" ind1=" " ind2="1">
    <subfield code="Q">FRBNF14179112</subfield>
    <subfield code="5">z|xxx</subfield>
    <subfield code="7">ba0yba0y</subfield>
    <subfield code="a">Frigara</subfield>
    <subfield code="b">Maurice</subfield>
  </datafield>
  <datafield tag="500" ind1=" " ind2="1">
    <subfield code="Q">FRBNF13787707</subfield>
    <subfield code="5">z|xxx</subfield>
    <subfield code="7">ba0yba0y</subfield>
    <subfield code="a">Bastide</subfield>
    <subfield code="b">Paul</subfield>
  </datafield>
  <datafield tag="500" ind1=" " ind2="1">
    <subfield code="0">Dirigé par</subfield>
    <subfield code="3">082303932</subfield>
    <subfield code="5">z|xxx</subfield>
    <subfield code="7">ba0yba0y</subfield>
    <subfield code="a">Bigot</subfield>
    <subfield code="b">Eugène</subfield>
    <subfield code="f">1888-1965</subfield>
  </datafield>
  <datafield tag="500" ind1=" " ind2="1">
    <subfield code="0">Dirigé par</subfield>
    <subfield code="3">066510244</subfield>
    <subfield code="5">z|xxx</subfield>
    <subfield code="7">ba0yba0y</subfield>
    <subfield code="a">Cluytens</subfield>
    <subfield code="b">André</subfield>
    <subfield code="f">1905-1967</subfield>
  </datafield>
  <datafield tag="500" ind1=" " ind2="1">
    <subfield code="0">Dirigé par</subfield>
    <subfield code="3">080808999</subfield>
    <subfield code="5">z|xxx</subfield>
    <subfield code="7">ba0yba0y</subfield>
    <subfield code="a">Fournet</subfield>
    <subfield code="b">Jean</subfield>
    <subfield code="f">1913-2008</subfield>
  </datafield>
  <datafield tag="500" ind1=" " ind2="1">
    <subfield code="0">Dirigé par</subfield>
    <subfield code="3">081222777</subfield>
    <subfield code="5">z|xxx</subfield>
    <subfield code="7">ba0yba0y</subfield>
    <subfield code="a">Hartemann</subfield>
    <subfield code="b">Jean-Claude</subfield>
    <subfield code="f">1929-1993.</subfield>
  </datafield>
  <datafield tag="801" ind1=" " ind2="0">
    <subfield code="a">FR</subfield>
    <subfield code="b">BnF</subfield>
    <subfield code="c">20040901</subfield>
  </datafield>
  <datafield tag="801" ind1=" " ind2="3">
    <subfield code="a">FR</subfield>
    <subfield code="b">Abes</subfield>
    <subfield code="c">20160909</subfield>
    <subfield code="g">AFNOR</subfield>
  </datafield>
  <datafield tag="810" ind1=" " ind2=" ">
    <subfield code="a">Grove 6</subfield>
  </datafield>
  <datafield tag="910" ind1=" " ind2=" ">
    <subfield code="a">Théâtre National de L&apos;Opéra-Comique (Paris). Orchestre</subfield>
  </datafield>
  <datafield tag="911" ind1=" " ind2=" ">
    <subfield code="a">Orchestre de l&apos;Opéra-Comique de Paris</subfield>
  </datafield>
</record>