


<record>
  <leader>     cx  b22     3  45  </leader>
  <controlfield tag="001">085676683</controlfield>
  <controlfield tag="003">http://www.idref.fr/085676683</controlfield>
  <controlfield tag="004">20010417</controlfield>
  <controlfield tag="005">20171107200650.000</controlfield>
  <controlfield tag="006">0004</controlfield>
  <controlfield tag="007">4994</controlfield>
  <controlfield tag="008">Tb5</controlfield>
  <datafield tag="010" ind1=" " ind2=" ">
    <subfield code="a">0000000122640330</subfield>
    <subfield code="2">BNF</subfield>
    <subfield code="d">20171024</subfield>
  </datafield>
  <datafield tag="033" ind1=" " ind2=" ">
    <subfield code="a">http://catalogue.bnf.fr/ark:/12148/cb14039697c</subfield>
    <subfield code="2">BNF</subfield>
    <subfield code="d">20150918</subfield>
  </datafield>
  <datafield tag="035" ind1=" " ind2=" ">
    <subfield code="a">FRBNF140396971</subfield>
    <subfield code="z">FRBNF14039697</subfield>
  </datafield>
  <datafield tag="100" ind1=" " ind2=" ">
    <subfield code="a">20010417afrey50      ba0</subfield>
  </datafield>
  <datafield tag="102" ind1=" " ind2=" ">
    <subfield code="a">FR</subfield>
  </datafield>
  <datafield tag="103" ind1=" " ind2=" ">
    <subfield code="a"> 1983     </subfield>
  </datafield>
  <datafield tag="106" ind1=" " ind2=" ">
    <subfield code="a">1</subfield>
    <subfield code="b">#</subfield>
  </datafield>
  <datafield tag="150" ind1=" " ind2=" ">
    <subfield code="a">y</subfield>
  </datafield>
  <datafield tag="152" ind1=" " ind2=" ">
    <subfield code="a">AFNOR</subfield>
  </datafield>
  <datafield tag="210" ind1="0" ind2=" ">
    <subfield code="7">ba0yba0y</subfield>
    <subfield code="9">0</subfield>
    <subfield code="a">Aleph</subfield>
    <subfield code="c">Ensemble instrumental</subfield>
  </datafield>
  <datafield tag="300" ind1=" " ind2=" ">
    <subfield code="7">ba0yba0y</subfield>
    <subfield code="a">Fondé par le violoncelliste Christophe Roy et le clarinettiste Dominique Clément</subfield>
  </datafield>
  <datafield tag="410" ind1="0" ind2=" ">
    <subfield code="7">ba0yba0y</subfield>
    <subfield code="9">#</subfield>
    <subfield code="a">Ensemble Aleph</subfield>
  </datafield>
  <datafield tag="500" ind1=" " ind2="1">
    <subfield code="0">Fondé par</subfield>
    <subfield code="3">085676675</subfield>
    <subfield code="7">ba0yba0y</subfield>
    <subfield code="a">Clément</subfield>
    <subfield code="b">Dominique</subfield>
    <subfield code="f">1959-....</subfield>
  </datafield>
  <datafield tag="500" ind1=" " ind2="1">
    <subfield code="0">Fondé par</subfield>
    <subfield code="3">085826537</subfield>
    <subfield code="7">ba0yba0y</subfield>
    <subfield code="a">Roy</subfield>
    <subfield code="b">Christophe</subfield>
    <subfield code="c">musicien</subfield>
    <subfield code="f">19..-....</subfield>
  </datafield>
  <datafield tag="801" ind1=" " ind2="0">
    <subfield code="a">FR</subfield>
    <subfield code="b">BnF</subfield>
    <subfield code="c">20050331</subfield>
  </datafield>
  <datafield tag="801" ind1=" " ind2="3">
    <subfield code="a">FR</subfield>
    <subfield code="b">Abes</subfield>
    <subfield code="c">20171107</subfield>
    <subfield code="g">AFNOR</subfield>
  </datafield>
  <datafield tag="810" ind1=" " ind2=" ">
    <subfield code="a">Répertoires polychromes [Enregistrement sonore]. 1 MFA 216021</subfield>
  </datafield>
  <datafield tag="810" ind1=" " ind2=" ">
    <subfield code="a">Musique de chambre [Enregistrement sonore]. Ameson ASCP 0404</subfield>
  </datafield>
  <datafield tag="910" ind1=" " ind2=" ">
    <subfield code="a">Aleph (Ensemble instrumental)</subfield>
  </datafield>
  <datafield tag="911" ind1=" " ind2=" ">
    <subfield code="a">Ensemble Aleph</subfield>
  </datafield>
</record>