


<record>
  <leader>     nx  b22     3  45  </leader>
  <controlfield tag="001">095208593</controlfield>
  <controlfield tag="003">http://www.idref.fr/095208593</controlfield>
  <controlfield tag="004">20060120</controlfield>
  <controlfield tag="005">20060120160251.000</controlfield>
  <controlfield tag="006">751052309</controlfield>
  <controlfield tag="007">751052309</controlfield>
  <controlfield tag="008">Tb5</controlfield>
  <datafield tag="100" ind1=" " ind2=" ">
    <subfield code="a">20060120afrey50      ba0</subfield>
  </datafield>
  <datafield tag="101" ind1=" " ind2=" ">
    <subfield code="a">fre</subfield>
  </datafield>
  <datafield tag="102" ind1=" " ind2=" ">
    <subfield code="a">FR</subfield>
  </datafield>
  <datafield tag="106" ind1=" " ind2=" ">
    <subfield code="a">0</subfield>
    <subfield code="b">1</subfield>
    <subfield code="c">0</subfield>
  </datafield>
  <datafield tag="150" ind1=" " ind2=" ">
    <subfield code="a">c</subfield>
  </datafield>
  <datafield tag="152" ind1=" " ind2=" ">
    <subfield code="a">AFNOR</subfield>
  </datafield>
  <datafield tag="210" ind1="0" ind2=" ">
    <subfield code="7">ba0yba0y</subfield>
    <subfield code="8">frefre</subfield>
    <subfield code="9">0</subfield>
    <subfield code="a">Association dauphinoise pour l&apos;aménagement des montagnes</subfield>
    <subfield code="c">Grenoble</subfield>
  </datafield>
  <datafield tag="410" ind1="0" ind2="2">
    <subfield code="7">ba0yba0y</subfield>
    <subfield code="a">ADAM</subfield>
  </datafield>
  <datafield tag="801" ind1=" " ind2="3">
    <subfield code="a">FR</subfield>
    <subfield code="b">Abes</subfield>
    <subfield code="c">20060120</subfield>
    <subfield code="g">AFNOR</subfield>
  </datafield>
  <datafield tag="810" ind1=" " ind2=" ">
    <subfield code="a">Recherches sur les ecosystèmes montagnards/CTGREF, ADAM.- Grenoble, 1976.</subfield>
  </datafield>
  <datafield tag="910" ind1=" " ind2=" ">
    <subfield code="a">Association dauphinoise pour l&apos;aménagement des montagnes (Grenoble)</subfield>
  </datafield>
  <datafield tag="911" ind1=" " ind2=" ">
    <subfield code="a">ADAM</subfield>
  </datafield>
</record>