


<record>
  <leader>     cx  b22     3  45  </leader>
  <controlfield tag="001">147297028</controlfield>
  <controlfield tag="003">http://www.idref.fr/147297028</controlfield>
  <controlfield tag="004">20101015</controlfield>
  <controlfield tag="005">20180622173459.000</controlfield>
  <controlfield tag="006">912282302</controlfield>
  <controlfield tag="007">593502101</controlfield>
  <controlfield tag="008">Tb5</controlfield>
  <datafield tag="100" ind1=" " ind2=" ">
    <subfield code="a">20101015afrey50      ba0</subfield>
  </datafield>
  <datafield tag="101" ind1=" " ind2=" ">
    <subfield code="a">fre</subfield>
  </datafield>
  <datafield tag="102" ind1=" " ind2=" ">
    <subfield code="a">FR</subfield>
  </datafield>
  <datafield tag="103" ind1=" " ind2=" ">
    <subfield code="a"> 1992     </subfield>
  </datafield>
  <datafield tag="106" ind1=" " ind2=" ">
    <subfield code="a">0</subfield>
    <subfield code="b">1</subfield>
    <subfield code="c">0</subfield>
  </datafield>
  <datafield tag="150" ind1=" " ind2=" ">
    <subfield code="a">h</subfield>
  </datafield>
  <datafield tag="152" ind1=" " ind2=" ">
    <subfield code="a">AFNOR</subfield>
  </datafield>
  <datafield tag="210" ind1="0" ind2="2">
    <subfield code="7">ba0yba0y</subfield>
    <subfield code="9">0</subfield>
    <subfield code="a">École doctorale Sciences pour l&apos;Ingénieur</subfield>
    <subfield code="c">Lille</subfield>
  </datafield>
  <datafield tag="340" ind1=" " ind2=" ">
    <subfield code="7">ba0yba0y</subfield>
    <subfield code="a">Adresse : EDSPI Bât. P3 (bureau 202) - F 59655 Villeneuve d&apos;Ascq cedex (2010)</subfield>
  </datafield>
  <datafield tag="340" ind1=" " ind2=" ">
    <subfield code="7">ba0yba0y</subfield>
    <subfield code="a">L’EDSPI regroupe 6 secteurs disciplinaires, réunit près de 800 doctorant(e)s, répartis dans une vingtaine de laboratoires ou équipes d’accueil, rattachés à six établissements de la région : Université de Lille, Université d’Artois, Université de Valenciennes, Centrale Lille, Université du Littoral et l’IMT Lille Douai.</subfield>
  </datafield>
  <datafield tag="340" ind1=" " ind2=" ">
    <subfield code="7">ba0yba0y</subfield>
    <subfield code="a">Aurapavant portée par l&apos;Université Lille 1, l&apos;école doctorale est rattachée en 2018 à l&apos;Université de Lille.</subfield>
  </datafield>
  <datafield tag="410" ind1="0" ind2="2">
    <subfield code="7">ba0yba0y</subfield>
    <subfield code="9">#</subfield>
    <subfield code="a">Sciences pour l&apos;Ingénieur</subfield>
    <subfield code="c">Lille</subfield>
  </datafield>
  <datafield tag="410" ind1="0" ind2="2">
    <subfield code="7">ba0yba0y</subfield>
    <subfield code="9">#</subfield>
    <subfield code="a">ED Sciences pour l&apos;Ingénieur</subfield>
    <subfield code="c">Lille</subfield>
  </datafield>
  <datafield tag="410" ind1="0" ind2="2">
    <subfield code="7">ba0yba0y</subfield>
    <subfield code="9">#</subfield>
    <subfield code="a">ED 072</subfield>
    <subfield code="c">Lille</subfield>
  </datafield>
  <datafield tag="410" ind1="0" ind2="2">
    <subfield code="7">ba0yba0y</subfield>
    <subfield code="9">#</subfield>
    <subfield code="a">ED 72</subfield>
    <subfield code="c">Lille</subfield>
  </datafield>
  <datafield tag="410" ind1="0" ind2="2">
    <subfield code="7">ba0yba0y</subfield>
    <subfield code="9">#</subfield>
    <subfield code="a">ED72</subfield>
    <subfield code="c">Lille</subfield>
  </datafield>
  <datafield tag="410" ind1="0" ind2="2">
    <subfield code="7">ba0yba0y</subfield>
    <subfield code="9">#</subfield>
    <subfield code="a">ED072</subfield>
    <subfield code="c">Lille</subfield>
  </datafield>
  <datafield tag="410" ind1="0" ind2="2">
    <subfield code="7">ba0yba0y</subfield>
    <subfield code="9">#</subfield>
    <subfield code="a">ED SPI</subfield>
    <subfield code="c">Lille</subfield>
  </datafield>
  <datafield tag="410" ind1="0" ind2="2">
    <subfield code="7">ba0yba0y</subfield>
    <subfield code="9">#</subfield>
    <subfield code="a">École doctorale SPI</subfield>
    <subfield code="c">Lille</subfield>
  </datafield>
  <datafield tag="410" ind1="0" ind2="1">
    <subfield code="7">ba0yba0y</subfield>
    <subfield code="9">#</subfield>
    <subfield code="a">Université Lille 1</subfield>
    <subfield code="b">École doctorale Sciences pour l&apos;Ingénieur</subfield>
    <subfield code="c">Lille</subfield>
  </datafield>
  <datafield tag="410" ind1="0" ind2="1">
    <subfield code="7">ba0yba0y</subfield>
    <subfield code="9">#</subfield>
    <subfield code="a">Université Lille 1 - Sciences et Technologies</subfield>
    <subfield code="b">École doctorale Sciences pour l&apos;Ingénieur</subfield>
  </datafield>
  <datafield tag="410" ind1="0" ind2="1">
    <subfield code="7">ba0yba0y</subfield>
    <subfield code="9">#</subfield>
    <subfield code="a">Université Lille Nord-de-France</subfield>
    <subfield code="b">École doctorale Sciences pour l&apos;Ingénieur</subfield>
    <subfield code="c">Lille</subfield>
  </datafield>
  <datafield tag="410" ind1="0" ind2="1">
    <subfield code="7">ba0yba0y</subfield>
    <subfield code="9">#</subfield>
    <subfield code="a">École centrale de Lille</subfield>
    <subfield code="b">École doctorale Sciences pour l&apos;Ingénieur</subfield>
  </datafield>
  <datafield tag="410" ind1="0" ind2="1">
    <subfield code="7">ba0yba0y</subfield>
    <subfield code="9">#</subfield>
    <subfield code="a">Université Charles de Gaulle</subfield>
    <subfield code="c">Lille</subfield>
    <subfield code="b">École doctorale Sciences pour l&apos;Ingénieur</subfield>
  </datafield>
  <datafield tag="410" ind1="0" ind2="1">
    <subfield code="7">ba0yba0y</subfield>
    <subfield code="9">#</subfield>
    <subfield code="a">Université du Littoral-Côte d&apos;Opale</subfield>
    <subfield code="b">École doctorale Sciences pour l&apos;Ingénieur</subfield>
  </datafield>
  <datafield tag="410" ind1="0" ind2="1">
    <subfield code="7">ba0yba0y</subfield>
    <subfield code="9">#</subfield>
    <subfield code="a">Université d&apos;Artois</subfield>
    <subfield code="b">École doctorale Sciences pour l&apos;Ingénieur</subfield>
  </datafield>
  <datafield tag="410" ind1="0" ind2="1">
    <subfield code="7">ba0yba0y</subfield>
    <subfield code="9">#</subfield>
    <subfield code="a">Institut Mines-Télécom Lille Douai</subfield>
  </datafield>
  <datafield tag="510" ind1="0" ind2="2">
    <subfield code="0">Etablissement coaccrédité depuis 2005</subfield>
    <subfield code="3">026404079</subfield>
    <subfield code="5">z|xxx</subfield>
    <subfield code="7">ba0yba0y</subfield>
    <subfield code="a">Université polytechnique Hauts-de-France</subfield>
    <subfield code="c">Valenciennes, Nord</subfield>
    <subfield code="c">1964-....</subfield>
  </datafield>
  <datafield tag="510" ind1="0" ind2="2">
    <subfield code="0">Ancien établissement support jusqu&apos;en 2017</subfield>
    <subfield code="3">026404184</subfield>
    <subfield code="5">z|xxx</subfield>
    <subfield code="7">ba0yba0y</subfield>
    <subfield code="a">Université Lille 1 - Sciences et technologies</subfield>
    <subfield code="c">Villeneuve-d&apos;Ascq</subfield>
    <subfield code="c">1970-2017</subfield>
  </datafield>
  <datafield tag="510" ind1="0" ind2="2">
    <subfield code="0">Etablissement support depuis 2018</subfield>
    <subfield code="3">223446556</subfield>
    <subfield code="5">z|xxx</subfield>
    <subfield code="7">ba0yba0y</subfield>
    <subfield code="a">Université de Lille</subfield>
    <subfield code="c">2018-....</subfield>
  </datafield>
  <datafield tag="801" ind1=" " ind2="3">
    <subfield code="a">FR</subfield>
    <subfield code="b">Abes</subfield>
    <subfield code="c">20180622</subfield>
    <subfield code="g">AFNOR</subfield>
  </datafield>
  <datafield tag="810" ind1=" " ind2=" ">
    <subfield code="a">Internet, http://edspi.univ-lille1.fr/ (site web de l&apos;école doctorale) 2012-12-07</subfield>
    <subfield code="b">ED Sciences pour l&apos;Ingénieur - ED 72 SPI - Université Lille Nord de France, Bât. P3 (bureau 306) - F 59655 Villeneuve d&apos;Ascq cedex</subfield>
  </datafield>
  <datafield tag="810" ind1=" " ind2=" ">
    <subfield code="a">Internet, https://appliweb.dgri.education.fr/annuaire/ed_ur.htm (Annuaire des formations doctorales et des unités de recherche), 2012-12-07</subfield>
    <subfield code="b">École Doctorale numéro 72 : SCIENCES POUR L&apos;INGENIEUR (SPI). Support Université des Sciences et Technologies de Lille 1 / coaccréditations École centrale de Lille, Université de Valenciennes et du Hainaut-Cambrésis, Université Charles de Gaulle-Lille 3, Université du Littoral-Côte d&apos;opale, Université d&apos;Artois. Adresse : Cite Scientifique, Batiment P3, 59655 VILLENEUVE D&apos;ASCQ</subfield>
  </datafield>
  <datafield tag="810" ind1=" " ind2=" ">
    <subfield code="a">https://data.enseignementsup-recherche.gouv.fr/explore/dataset/fr-esr-ecoles_doctorales_annuaire/, 2018-04-20</subfield>
    <subfield code="b">Date de création 1992</subfield>
  </datafield>
  <datafield tag="910" ind1=" " ind2=" ">
    <subfield code="a">École doctorale Sciences pour l&apos;Ingénieur (Lille)</subfield>
  </datafield>
  <datafield tag="911" ind1=" " ind2=" ">
    <subfield code="a">Sciences pour l&apos;Ingénieur (Lille)</subfield>
  </datafield>
  <datafield tag="911" ind1=" " ind2=" ">
    <subfield code="a">ED Sciences pour l&apos;Ingénieur (Lille)</subfield>
  </datafield>
  <datafield tag="911" ind1=" " ind2=" ">
    <subfield code="a">ED 072 (Lille)</subfield>
  </datafield>
  <datafield tag="911" ind1=" " ind2=" ">
    <subfield code="a">ED 72 (Lille)</subfield>
  </datafield>
  <datafield tag="911" ind1=" " ind2=" ">
    <subfield code="a">ED72 (Lille)</subfield>
  </datafield>
  <datafield tag="911" ind1=" " ind2=" ">
    <subfield code="a">ED072 (Lille)</subfield>
  </datafield>
  <datafield tag="911" ind1=" " ind2=" ">
    <subfield code="a">ED SPI (Lille)</subfield>
  </datafield>
  <datafield tag="911" ind1=" " ind2=" ">
    <subfield code="a">École doctorale SPI (Lille)</subfield>
  </datafield>
  <datafield tag="911" ind1=" " ind2=" ">
    <subfield code="a">Université Lille 1. École doctorale Sciences pour l&apos;Ingénieur (Lille)</subfield>
  </datafield>
  <datafield tag="911" ind1=" " ind2=" ">
    <subfield code="a">Université Lille 1 - Sciences et Technologies. École doctorale Sciences pour l&apos;Ingénieur</subfield>
  </datafield>
  <datafield tag="911" ind1=" " ind2=" ">
    <subfield code="a">Université Lille Nord-de-France. École doctorale Sciences pour l&apos;Ingénieur (Lille)</subfield>
  </datafield>
  <datafield tag="911" ind1=" " ind2=" ">
    <subfield code="a">École centrale de Lille. École doctorale Sciences pour l&apos;Ingénieur</subfield>
  </datafield>
  <datafield tag="911" ind1=" " ind2=" ">
    <subfield code="a">Université Charles de Gaulle (Lille). École doctorale Sciences pour l&apos;Ingénieur</subfield>
  </datafield>
  <datafield tag="911" ind1=" " ind2=" ">
    <subfield code="a">Université du Littoral-Côte d&apos;Opale. École doctorale Sciences pour l&apos;Ingénieur</subfield>
  </datafield>
  <datafield tag="911" ind1=" " ind2=" ">
    <subfield code="a">Université d&apos;Artois. École doctorale Sciences pour l&apos;Ingénieur</subfield>
  </datafield>
  <datafield tag="911" ind1=" " ind2=" ">
    <subfield code="a">Institut Mines-Télécom Lille Douai</subfield>
  </datafield>
</record>