


<record>
  <leader>     cx  b22     3  45  </leader>
  <controlfield tag="001">148937330</controlfield>
  <controlfield tag="003">http://www.idref.fr/148937330</controlfield>
  <controlfield tag="004">20110105</controlfield>
  <controlfield tag="005">20180622174039.000</controlfield>
  <controlfield tag="006">596062102</controlfield>
  <controlfield tag="007">593502101</controlfield>
  <controlfield tag="008">Tb5</controlfield>
  <datafield tag="100" ind1=" " ind2=" ">
    <subfield code="a">20110105afrey50      ba0</subfield>
  </datafield>
  <datafield tag="101" ind1=" " ind2=" ">
    <subfield code="a">fre</subfield>
  </datafield>
  <datafield tag="102" ind1=" " ind2=" ">
    <subfield code="a">FR</subfield>
  </datafield>
  <datafield tag="103" ind1=" " ind2=" ">
    <subfield code="a"> 1992     </subfield>
  </datafield>
  <datafield tag="106" ind1=" " ind2=" ">
    <subfield code="a">0</subfield>
    <subfield code="b">1</subfield>
    <subfield code="c">0</subfield>
  </datafield>
  <datafield tag="150" ind1=" " ind2=" ">
    <subfield code="a">h</subfield>
  </datafield>
  <datafield tag="152" ind1=" " ind2=" ">
    <subfield code="a">AFNOR</subfield>
  </datafield>
  <datafield tag="210" ind1="0" ind2="2">
    <subfield code="7">ba0yba0y</subfield>
    <subfield code="9">0</subfield>
    <subfield code="a">École doctorale Sciences de la matière, du rayonnement et de l&apos;environnement</subfield>
    <subfield code="c">Villeneuve d&apos;Ascq, Nord</subfield>
  </datafield>
  <datafield tag="340" ind1=" " ind2=" ">
    <subfield code="7">ba0yba0y</subfield>
    <subfield code="a">ED SMRE, Cité scientifique, Bureau 105, bâtiment SN2, Université des Sciences et Technologies de Lille, 59655 Villeneuve d’Ascq cedex.</subfield>
  </datafield>
  <datafield tag="410" ind1="0" ind2="2">
    <subfield code="7">ba0yba0y</subfield>
    <subfield code="9">#</subfield>
    <subfield code="a">Sciences de la matière, du rayonnement et de l&apos;environnement</subfield>
    <subfield code="c">Villeneuve d&apos;Ascq, Nord</subfield>
  </datafield>
  <datafield tag="410" ind1="0" ind2="2">
    <subfield code="7">ba0yba0y</subfield>
    <subfield code="9">#</subfield>
    <subfield code="a">Ecole doctorale 104 SMRE</subfield>
    <subfield code="c">Villeneuve d&apos;Ascq, Nord</subfield>
  </datafield>
  <datafield tag="410" ind1="0" ind2="2">
    <subfield code="7">ba0yba0y</subfield>
    <subfield code="9">#</subfield>
    <subfield code="a">ED 104 SMRE</subfield>
    <subfield code="c">Villeneuve d&apos;Ascq, Nord</subfield>
  </datafield>
  <datafield tag="410" ind1="0" ind2="2">
    <subfield code="7">ba0yba0y</subfield>
    <subfield code="9">#</subfield>
    <subfield code="a">ED104</subfield>
  </datafield>
  <datafield tag="410" ind1="0" ind2="2">
    <subfield code="7">ba0yba0y</subfield>
    <subfield code="9">#</subfield>
    <subfield code="a">ED SMRE</subfield>
  </datafield>
  <datafield tag="410" ind1="0" ind2="2">
    <subfield code="7">ba0yba0y</subfield>
    <subfield code="9">#</subfield>
    <subfield code="a">ED Sciences de la matière, du rayonnement et de l&apos;environnement</subfield>
    <subfield code="c">Villeneuve d&apos;Ascq, Nord</subfield>
  </datafield>
  <datafield tag="410" ind1="0" ind2="1">
    <subfield code="7">ba0yba0y</subfield>
    <subfield code="9">#</subfield>
    <subfield code="a">Université Lille Nord de France</subfield>
    <subfield code="b">École doctorale Sciences de la matière, du rayonnement et de l&apos;environnement</subfield>
    <subfield code="c">Villeneuve d&apos;Ascq, Nord</subfield>
  </datafield>
  <datafield tag="410" ind1="0" ind2="1">
    <subfield code="7">ba0yba0y</subfield>
    <subfield code="9">#</subfield>
    <subfield code="a">Université Lille 1</subfield>
    <subfield code="b">École doctorale Sciences de la matière, du rayonnement et de l&apos;environnement</subfield>
    <subfield code="c">Villeneuve d&apos;Ascq, Nord</subfield>
  </datafield>
  <datafield tag="410" ind1="0" ind2="1">
    <subfield code="7">ba0yba0y</subfield>
    <subfield code="9">#</subfield>
    <subfield code="a">Université Lille 1-Sciences et Technologies</subfield>
    <subfield code="b">École doctorale Sciences de la matière, du rayonnement et de l&apos;environnement</subfield>
    <subfield code="c">Villeneuve d&apos;Ascq, Nord</subfield>
  </datafield>
  <datafield tag="410" ind1="0" ind2="1">
    <subfield code="7">ba0yba0y</subfield>
    <subfield code="9">#</subfield>
    <subfield code="a">Université du Littoral-Côte d&apos;Opale</subfield>
    <subfield code="b">École doctorale Sciences de la matière, du rayonnement et de l&apos;environnement</subfield>
    <subfield code="c">Villeneuve d&apos;Ascq, Nord</subfield>
  </datafield>
  <datafield tag="410" ind1="0" ind2="1">
    <subfield code="7">ba0yba0y</subfield>
    <subfield code="9">#</subfield>
    <subfield code="a">Université d&apos;Artois</subfield>
    <subfield code="b">École doctorale Sciences de la matière, du rayonnement et de l&apos;environnement</subfield>
    <subfield code="c">Villeneuve d&apos;Ascq, Nord</subfield>
  </datafield>
  <datafield tag="410" ind1="0" ind2="1">
    <subfield code="7">ba0yba0y</subfield>
    <subfield code="9">#</subfield>
    <subfield code="a">École nationale supérieure de chimie de Lille</subfield>
    <subfield code="b">École doctorale Sciences de la matière, du rayonnement et de l&apos;environnement</subfield>
    <subfield code="c">Villeneuve d&apos;Ascq, Nord</subfield>
  </datafield>
  <datafield tag="510" ind1="0" ind2="2">
    <subfield code="0">Etablissement coaccrédité depuis 2005</subfield>
    <subfield code="3">026404079</subfield>
    <subfield code="5">z|xxx</subfield>
    <subfield code="7">ba0yba0y</subfield>
    <subfield code="a">Université polytechnique Hauts-de-France</subfield>
    <subfield code="c">Valenciennes, Nord</subfield>
    <subfield code="c">1964-....</subfield>
  </datafield>
  <datafield tag="510" ind1="0" ind2="2">
    <subfield code="0">Etablissement support depuis 2018</subfield>
    <subfield code="3">223446556</subfield>
    <subfield code="5">z|xxx</subfield>
    <subfield code="7">ba0yba0y</subfield>
    <subfield code="a">Université de Lille</subfield>
    <subfield code="c">2018-....</subfield>
  </datafield>
  <datafield tag="510" ind1="0" ind2="2">
    <subfield code="0">Ancien établissement support jusqu&apos;en 2017</subfield>
    <subfield code="3">026404389</subfield>
    <subfield code="5">z|xxx</subfield>
    <subfield code="7">ba0yba0y</subfield>
    <subfield code="a">Université du droit et de la santé</subfield>
    <subfield code="c">Lille</subfield>
    <subfield code="c">1969-2017</subfield>
  </datafield>
  <datafield tag="801" ind1=" " ind2="3">
    <subfield code="a">FR</subfield>
    <subfield code="b">Abes</subfield>
    <subfield code="c">20180622</subfield>
    <subfield code="g">AFNOR</subfield>
  </datafield>
  <datafield tag="810" ind1=" " ind2=" ">
    <subfield code="a">Internet, http://edsmre.univ-lille1.fr, (site web de l&apos;école doctorale) 2012-12-07</subfield>
    <subfield code="b">ED Sciences de la matière, du rayonnement et de l&apos;environnement - ED 104 SMRE - Bureau 105, bâtiment SN2, Université des Sciences et Technologies de Lille, 59655 Villeneuve d’Ascq cedex</subfield>
  </datafield>
  <datafield tag="810" ind1=" " ind2=" ">
    <subfield code="a">Internet, https://appliweb.dgri.education.fr/annuaire/ed_ur.htm (Annuaire des formations doctorales et des unités de recherche), 2012-12-07</subfield>
    <subfield code="b">Ecole Doctorale numéro 104 : SCIENCES DE LA MATIERE, DU RAYONNEMENT ET DE L&apos;ENVIRONNEMENT (SMRE). Support Université des Sciences et Technologies de Lille 1 / Coaccréditations Université du Littoral-Côte d&apos;Opale, Université d&apos;Artois, ENS (École normale supérieure) chimie de Lille. Adresse : Cite Scientifique, Batiment SN2, 59655 VILLENEUVE D&apos;ASCQ</subfield>
  </datafield>
  <datafield tag="810" ind1=" " ind2=" ">
    <subfield code="a">https://data.enseignementsup-recherche.gouv.fr/explore/dataset/fr-esr-ecoles_doctorales_annuaire/, 2018-04-20</subfield>
    <subfield code="b">Date de création 1992</subfield>
  </datafield>
  <datafield tag="910" ind1=" " ind2=" ">
    <subfield code="a">École doctorale Sciences de la matière, du rayonnement et de l&apos;environnement (Villeneuve d&apos;Ascq, Nord)</subfield>
  </datafield>
  <datafield tag="911" ind1=" " ind2=" ">
    <subfield code="a">Sciences de la matière, du rayonnement et de l&apos;environnement (Villeneuve d&apos;Ascq, Nord)</subfield>
  </datafield>
  <datafield tag="911" ind1=" " ind2=" ">
    <subfield code="a">Ecole doctorale 104 SMRE (Villeneuve d&apos;Ascq, Nord)</subfield>
  </datafield>
  <datafield tag="911" ind1=" " ind2=" ">
    <subfield code="a">ED 104 SMRE (Villeneuve d&apos;Ascq, Nord)</subfield>
  </datafield>
  <datafield tag="911" ind1=" " ind2=" ">
    <subfield code="a">ED104</subfield>
  </datafield>
  <datafield tag="911" ind1=" " ind2=" ">
    <subfield code="a">ED SMRE</subfield>
  </datafield>
  <datafield tag="911" ind1=" " ind2=" ">
    <subfield code="a">ED Sciences de la matière, du rayonnement et de l&apos;environnement (Villeneuve d&apos;Ascq, Nord)</subfield>
  </datafield>
  <datafield tag="911" ind1=" " ind2=" ">
    <subfield code="a">Université Lille Nord de France. École doctorale Sciences de la matière, du rayonnement et de l&apos;environnement (Villeneuve d&apos;Ascq, Nord)</subfield>
  </datafield>
  <datafield tag="911" ind1=" " ind2=" ">
    <subfield code="a">Université Lille 1. École doctorale Sciences de la matière, du rayonnement et de l&apos;environnement (Villeneuve d&apos;Ascq, Nord)</subfield>
  </datafield>
  <datafield tag="911" ind1=" " ind2=" ">
    <subfield code="a">Université Lille 1-Sciences et Technologies. École doctorale Sciences de la matière, du rayonnement et de l&apos;environnement (Villeneuve d&apos;Ascq, Nord)</subfield>
  </datafield>
  <datafield tag="911" ind1=" " ind2=" ">
    <subfield code="a">Université du Littoral-Côte d&apos;Opale. École doctorale Sciences de la matière, du rayonnement et de l&apos;environnement (Villeneuve d&apos;Ascq, Nord)</subfield>
  </datafield>
  <datafield tag="911" ind1=" " ind2=" ">
    <subfield code="a">Université d&apos;Artois. École doctorale Sciences de la matière, du rayonnement et de l&apos;environnement (Villeneuve d&apos;Ascq, Nord)</subfield>
  </datafield>
  <datafield tag="911" ind1=" " ind2=" ">
    <subfield code="a">École nationale supérieure de chimie de Lille. École doctorale Sciences de la matière, du rayonnement et de l&apos;environnement (Villeneuve d&apos;Ascq, Nord)</subfield>
  </datafield>
</record>