


<record>
  <leader>     cx  b22     3  45  </leader>
  <controlfield tag="001">148938809</controlfield>
  <controlfield tag="003">http://www.idref.fr/148938809</controlfield>
  <controlfield tag="004">20110105</controlfield>
  <controlfield tag="005">20180515170402.000</controlfield>
  <controlfield tag="006">596062102</controlfield>
  <controlfield tag="007">596062102</controlfield>
  <controlfield tag="008">Tb5</controlfield>
  <datafield tag="035" ind1=" " ind2=" ">
    <subfield code="a">185046487</subfield>
    <subfield code="9">sudoc</subfield>
  </datafield>
  <datafield tag="100" ind1=" " ind2=" ">
    <subfield code="a">20110105afrey50      ba0</subfield>
  </datafield>
  <datafield tag="101" ind1=" " ind2=" ">
    <subfield code="a">fre</subfield>
  </datafield>
  <datafield tag="102" ind1=" " ind2=" ">
    <subfield code="a">FR</subfield>
  </datafield>
  <datafield tag="103" ind1=" " ind2=" ">
    <subfield code="a"> 2006     </subfield>
  </datafield>
  <datafield tag="106" ind1=" " ind2=" ">
    <subfield code="a">0</subfield>
    <subfield code="b">1</subfield>
    <subfield code="c">0</subfield>
  </datafield>
  <datafield tag="150" ind1=" " ind2=" ">
    <subfield code="a">h</subfield>
  </datafield>
  <datafield tag="152" ind1=" " ind2=" ">
    <subfield code="a">AFNOR</subfield>
  </datafield>
  <datafield tag="210" ind1="0" ind2="2">
    <subfield code="7">ba0yba0y</subfield>
    <subfield code="9">0</subfield>
    <subfield code="a">École doctorale Sciences de l&apos;homme et de la société</subfield>
    <subfield code="c">Villeneuve d&apos;Ascq, Nord</subfield>
  </datafield>
  <datafield tag="340" ind1=" " ind2=" ">
    <subfield code="7">ba0yba0y</subfield>
    <subfield code="a">Bureau des études doctorales - BP 60149 - 59653 Villeneuve d&apos;Ascq</subfield>
  </datafield>
  <datafield tag="340" ind1=" " ind2=" ">
    <subfield code="7">ba0yba0y</subfield>
    <subfield code="a">Aurapavant portée par l&apos;Université Lille 3, l&apos;école doctorale est rattachée en 2018 à l&apos;Université de Lille.</subfield>
  </datafield>
  <datafield tag="410" ind1="0" ind2="2">
    <subfield code="7">ba0yba0y</subfield>
    <subfield code="9">#</subfield>
    <subfield code="a">Sciences de l&apos;homme et de la société</subfield>
  </datafield>
  <datafield tag="410" ind1="0" ind2="2">
    <subfield code="7">ba0yba0y</subfield>
    <subfield code="9">#</subfield>
    <subfield code="a">École doctorale 473 SHS</subfield>
  </datafield>
  <datafield tag="410" ind1="0" ind2="2">
    <subfield code="7">ba0yba0y</subfield>
    <subfield code="9">#</subfield>
    <subfield code="a">ED 473 SHS</subfield>
  </datafield>
  <datafield tag="410" ind1="0" ind2="2">
    <subfield code="7">ba0yba0y</subfield>
    <subfield code="9">#</subfield>
    <subfield code="a">École doctorale 473</subfield>
  </datafield>
  <datafield tag="410" ind1="0" ind2="2">
    <subfield code="7">ba0yba0y</subfield>
    <subfield code="9">#</subfield>
    <subfield code="a">ED 473</subfield>
  </datafield>
  <datafield tag="410" ind1="0" ind2="2">
    <subfield code="7">ba0yba0y</subfield>
    <subfield code="9">#</subfield>
    <subfield code="a">ED473</subfield>
  </datafield>
  <datafield tag="410" ind1="0" ind2="2">
    <subfield code="7">ba0yba0y</subfield>
    <subfield code="9">#</subfield>
    <subfield code="a">ED SHS</subfield>
  </datafield>
  <datafield tag="410" ind1="0" ind2="2">
    <subfield code="7">ba0yba0y</subfield>
    <subfield code="9">#</subfield>
    <subfield code="a">EDSHS</subfield>
  </datafield>
  <datafield tag="410" ind1="0" ind2="2">
    <subfield code="7">ba0yba0y</subfield>
    <subfield code="9">#</subfield>
    <subfield code="a">École doctorale SHS - Lille - Nord de France</subfield>
  </datafield>
  <datafield tag="410" ind1="0" ind2="2">
    <subfield code="7">ba0yba0y</subfield>
    <subfield code="9">#</subfield>
    <subfield code="a">ED Sciences de l&apos;homme et de la société</subfield>
  </datafield>
  <datafield tag="510" ind1="0" ind2="2">
    <subfield code="0">Etablissement support depuis 2018</subfield>
    <subfield code="3">223446556</subfield>
    <subfield code="5">z|xxx</subfield>
    <subfield code="7">ba0yba0y</subfield>
    <subfield code="a">Université de Lille</subfield>
    <subfield code="c">2018-....</subfield>
  </datafield>
  <datafield tag="510" ind1="0" ind2="2">
    <subfield code="0">Etablissement support de 2005 à 2017</subfield>
    <subfield code="3">026404524</subfield>
    <subfield code="5">z|xxx</subfield>
    <subfield code="7">ba0yba0y</subfield>
    <subfield code="a">Université Charles de Gaulle</subfield>
    <subfield code="c">Lille</subfield>
    <subfield code="c">1971-2017</subfield>
  </datafield>
  <datafield tag="510" ind1="0" ind2="2">
    <subfield code="0">Etablissement coaccrédité de 2005 à 2017</subfield>
    <subfield code="3">026404184</subfield>
    <subfield code="5">z|xxx</subfield>
    <subfield code="7">ba0yba0y</subfield>
    <subfield code="a">Université Lille 1 - Sciences et technologies</subfield>
    <subfield code="c">Villeneuve-d&apos;Ascq</subfield>
    <subfield code="c">1970-2017</subfield>
  </datafield>
  <datafield tag="510" ind1="0" ind2="2">
    <subfield code="0">Etablissement coaccrédité depuis 2005</subfield>
    <subfield code="3">030969379</subfield>
    <subfield code="5">z|xxx</subfield>
    <subfield code="7">ba0yba0y</subfield>
    <subfield code="a">Université du Littoral-Côte d&apos;Opale</subfield>
  </datafield>
  <datafield tag="510" ind1="0" ind2="2">
    <subfield code="0">Etablissement coaccrédité depuis 2005</subfield>
    <subfield code="3">034634894</subfield>
    <subfield code="5">z|xxx</subfield>
    <subfield code="7">ba0yba0y</subfield>
    <subfield code="a">Université d&apos;Artois</subfield>
  </datafield>
  <datafield tag="510" ind1="0" ind2="2">
    <subfield code="0">Etablissement coaccrédité depuis 2005</subfield>
    <subfield code="3">026404079</subfield>
    <subfield code="5">z|xxx</subfield>
    <subfield code="7">ba0yba0y</subfield>
    <subfield code="a">Université polytechnique Hauts-de-France</subfield>
    <subfield code="c">Valenciennes, Nord</subfield>
    <subfield code="c">1964-....</subfield>
  </datafield>
  <datafield tag="801" ind1=" " ind2="3">
    <subfield code="a">FR</subfield>
    <subfield code="b">Abes</subfield>
    <subfield code="c">20180515</subfield>
    <subfield code="g">AFNOR</subfield>
    <subfield code="h">185046487</subfield>
  </datafield>
  <datafield tag="810" ind1=" " ind2=" ">
    <subfield code="a">Internet, http://www.univ-lille3.fr/fr/recherche/ecole-doctorale, 2011-01-05</subfield>
  </datafield>
  <datafield tag="810" ind1=" " ind2=" ">
    <subfield code="a">Internet, http://edshs.meshs.fr/ (site web de l&apos;école doctorale) 2012-12-10</subfield>
    <subfield code="b">ED Sciences de l&apos;homme et de la société - ED SHS - Université Lille3, Bâtiment F (Maison de la Recherche), Domaine universitaire du &quot;Pont de Bois&quot;, BP 60149, 59653 Villeneuve d&apos;Ascq CEDEX</subfield>
  </datafield>
  <datafield tag="810" ind1=" " ind2=" ">
    <subfield code="a">Internet, https://appliweb.dgri.education.fr/annuaire/ed_ur.htm (Annuaire des formations doctorales et des unités de recherche), 2012-12-10</subfield>
    <subfield code="b">Ecole Doctorale numéro 473 : SCIENCES DE L&apos;HOMME ET DE LA SOCIETE (SHS). Support Université Charles de Gaulle Lille 3 / Coaccréditations Université du Littoral-Côte d&apos;Opale, Université d&apos;Artois, Université des Sciences et Technologie de Lille 1, Université de Valenciennes et du Hainaut-Cambrésis. Adresse : Université de Lille 3, Bâtiment (Maison de la Recherche), Bureau des Etudes Doctorales, BP 60149, 59653 VILLENEUVE D&apos;ASCQ CEDEX</subfield>
  </datafield>
  <datafield tag="810" ind1=" " ind2=" ">
    <subfield code="a">Internet, https://www.univ-lille.fr/recherche/formation-doctorale/, 2018-01-16</subfield>
    <subfield code="b">Sciences de l’homme et de la société (SHS)</subfield>
  </datafield>
  <datafield tag="810" ind1=" " ind2=" ">
    <subfield code="a">Internet, Liste des écoles doctorales accréditées (dernière mise à jour 20/02/2018 et consultée le 18/04/2018), https://data.enseignementsup-recherche.gouv.fr/explore/dataset/fr-esr-ecoles_doctorales_annuaire/</subfield>
    <subfield code="b">Numéro 473 ; Sigle : SHS. Libellé : Sciences de l&apos;Homme et de la société. Date de création : 2006. Date de dernière accréditation : 2015. Etablissement support : Université de Lille. Etablissement coaccrédité : Université de Valenciennes et du Hainaut-Cambrésis;Université du Littoral Côte d&apos;Opale;Université d&apos;Artois. Commune : Villeneuve d&apos;Ascq.</subfield>
  </datafield>
  <datafield tag="810" ind1=" " ind2=" ">
    <subfield code="a">https://data.enseignementsup-recherche.gouv.fr/explore/dataset/fr-esr-ecoles_doctorales_annuaire/, 2018-04-20</subfield>
    <subfield code="b">Date de création : 2006</subfield>
  </datafield>
  <datafield tag="910" ind1=" " ind2=" ">
    <subfield code="a">École doctorale Sciences de l&apos;homme et de la société (Villeneuve d&apos;Ascq, Nord)</subfield>
  </datafield>
  <datafield tag="911" ind1=" " ind2=" ">
    <subfield code="a">Sciences de l&apos;homme et de la société</subfield>
  </datafield>
  <datafield tag="911" ind1=" " ind2=" ">
    <subfield code="a">École doctorale 473 SHS</subfield>
  </datafield>
  <datafield tag="911" ind1=" " ind2=" ">
    <subfield code="a">ED 473 SHS</subfield>
  </datafield>
  <datafield tag="911" ind1=" " ind2=" ">
    <subfield code="a">École doctorale 473</subfield>
  </datafield>
  <datafield tag="911" ind1=" " ind2=" ">
    <subfield code="a">ED 473</subfield>
  </datafield>
  <datafield tag="911" ind1=" " ind2=" ">
    <subfield code="a">ED473</subfield>
  </datafield>
  <datafield tag="911" ind1=" " ind2=" ">
    <subfield code="a">ED SHS</subfield>
  </datafield>
  <datafield tag="911" ind1=" " ind2=" ">
    <subfield code="a">EDSHS</subfield>
  </datafield>
  <datafield tag="911" ind1=" " ind2=" ">
    <subfield code="a">École doctorale SHS - Lille - Nord de France</subfield>
  </datafield>
  <datafield tag="911" ind1=" " ind2=" ">
    <subfield code="a">ED Sciences de l&apos;homme et de la société</subfield>
  </datafield>
</record>