


<record>
  <leader>     cx  b22     3  45  </leader>
  <controlfield tag="001">153425792</controlfield>
  <controlfield tag="003">http://www.idref.fr/153425792</controlfield>
  <controlfield tag="004">20110704</controlfield>
  <controlfield tag="005">20150928101637.000</controlfield>
  <controlfield tag="006">315552103</controlfield>
  <controlfield tag="007">1999</controlfield>
  <controlfield tag="008">Tb5</controlfield>
  <datafield tag="033" ind1=" " ind2=" ">
    <subfield code="a">http://catalogue.bnf.fr/ark:/12148/cb155339894</subfield>
    <subfield code="2">BNF</subfield>
    <subfield code="d">20150928</subfield>
  </datafield>
  <datafield tag="035" ind1=" " ind2=" ">
    <subfield code="a">FRBNF155339894</subfield>
    <subfield code="z">FRBNF15533989</subfield>
  </datafield>
  <datafield tag="100" ind1=" " ind2=" ">
    <subfield code="a">20110704afrey50      ba0</subfield>
  </datafield>
  <datafield tag="101" ind1=" " ind2=" ">
    <subfield code="a">pol</subfield>
  </datafield>
  <datafield tag="102" ind1=" " ind2=" ">
    <subfield code="a">LT</subfield>
  </datafield>
  <datafield tag="103" ind1=" " ind2=" ">
    <subfield code="a"> 18201001 </subfield>
    <subfield code="b"> 182310   </subfield>
  </datafield>
  <datafield tag="106" ind1=" " ind2=" ">
    <subfield code="a">0</subfield>
    <subfield code="b">1</subfield>
    <subfield code="c">0</subfield>
  </datafield>
  <datafield tag="150" ind1=" " ind2=" ">
    <subfield code="a">y</subfield>
  </datafield>
  <datafield tag="152" ind1=" " ind2=" ">
    <subfield code="a">AFNOR</subfield>
  </datafield>
  <datafield tag="210" ind1="0" ind2=" ">
    <subfield code="7">ba0yba0y</subfield>
    <subfield code="9">0</subfield>
    <subfield code="a">Filareci</subfield>
    <subfield code="c">Société littéraire</subfield>
    <subfield code="c">Vilnius</subfield>
  </datafield>
  <datafield tag="300" ind1=" " ind2=" ">
    <subfield code="7">ba0yba0y</subfield>
    <subfield code="a">Société secrète fondée à l&apos;initiative d&apos;Adam Mickiewicz qui prit la place de la Société des philomathes dissoute. La Russie prit ombrage de ses activités jugées révolutionnaires. Ses membres furent déférés à la justice en 1823</subfield>
  </datafield>
  <datafield tag="410" ind1="0" ind2=" ">
    <subfield code="7">ba0yba0y</subfield>
    <subfield code="8">frelit</subfield>
    <subfield code="9">#</subfield>
    <subfield code="a">Filaretai</subfield>
    <subfield code="c">Société littéraire</subfield>
    <subfield code="c">Vilnius</subfield>
  </datafield>
  <datafield tag="410" ind1="0" ind2=" ">
    <subfield code="7">ba0yba0y</subfield>
    <subfield code="8">frelit</subfield>
    <subfield code="9">#</subfield>
    <subfield code="a">Filaretų draugija</subfield>
    <subfield code="c">Vilnius</subfield>
  </datafield>
  <datafield tag="410" ind1="0" ind2=" ">
    <subfield code="7">ba0yba0y</subfield>
    <subfield code="8">frefre</subfield>
    <subfield code="9">#</subfield>
    <subfield code="a">Société des philarètes</subfield>
    <subfield code="c">Vilnius</subfield>
  </datafield>
  <datafield tag="410" ind1="0" ind2=" ">
    <subfield code="7">ba0yba0y</subfield>
    <subfield code="8">freeng</subfield>
    <subfield code="9">#</subfield>
    <subfield code="a">Society of philareths</subfield>
    <subfield code="c">Vilnius</subfield>
  </datafield>
  <datafield tag="410" ind1="0" ind2=" ">
    <subfield code="7">ba0yba0y</subfield>
    <subfield code="9">#</subfield>
    <subfield code="a">Towarzystwo Filaretów</subfield>
    <subfield code="c">Vilnius</subfield>
  </datafield>
  <datafield tag="415" ind1=" " ind2=" ">
    <subfield code="7">ba0yba0y</subfield>
    <subfield code="9">#</subfield>
    <subfield code="a">Vilnius (Lituanie)</subfield>
    <subfield code="x">Filareci</subfield>
  </datafield>
  <datafield tag="500" ind1=" " ind2="1">
    <subfield code="0">A pour membre</subfield>
    <subfield code="3">059256559</subfield>
    <subfield code="5">z|xxx</subfield>
    <subfield code="7">ba0yba0y</subfield>
    <subfield code="a">Domeyko</subfield>
    <subfield code="b">Ignacy</subfield>
    <subfield code="f">1802-1889</subfield>
  </datafield>
  <datafield tag="500" ind1=" " ind2="1">
    <subfield code="0">A pour membre</subfield>
    <subfield code="3">027028828</subfield>
    <subfield code="5">z|xxx</subfield>
    <subfield code="7">ba0yba0y</subfield>
    <subfield code="a">Mickiewicz</subfield>
    <subfield code="b">Adam</subfield>
    <subfield code="f">1798-1855</subfield>
  </datafield>
  <datafield tag="510" ind1="0" ind2=" ">
    <subfield code="0">Voir aussi</subfield>
    <subfield code="3">027294560</subfield>
    <subfield code="5">z|xxx</subfield>
    <subfield code="7">ba0yba0y</subfield>
    <subfield code="a">Vilniaus universitetas</subfield>
  </datafield>
  <datafield tag="510" ind1="0" ind2=" ">
    <subfield code="0">Avant 1820, voir</subfield>
    <subfield code="3">031829368</subfield>
    <subfield code="7">ba0yba0y</subfield>
    <subfield code="a">Filomaci</subfield>
    <subfield code="c">Société littéraire</subfield>
    <subfield code="c">Vilnius</subfield>
  </datafield>
  <datafield tag="686" ind1=" " ind2=" ">
    <subfield code="a">940</subfield>
    <subfield code="c">Histoire de l&apos;Europe</subfield>
    <subfield code="2">Note de regroupement par domaine</subfield>
  </datafield>
  <datafield tag="801" ind1=" " ind2="0">
    <subfield code="a">FR</subfield>
    <subfield code="b">BnF</subfield>
    <subfield code="c">20070531</subfield>
  </datafield>
  <datafield tag="801" ind1=" " ind2="3">
    <subfield code="a">FR</subfield>
    <subfield code="b">Abes</subfield>
    <subfield code="c">20150928</subfield>
    <subfield code="g">AFNOR</subfield>
  </datafield>
  <datafield tag="810" ind1=" " ind2=" ">
    <subfield code="a">Rekonstrukcja procesu filomatów i filaretów 1823-1824, 2003</subfield>
  </datafield>
  <datafield tag="810" ind1=" " ind2=" ">
    <subfield code="a">Ignotas Domeika 1802-1889, 2006</subfield>
  </datafield>
  <datafield tag="810" ind1=" " ind2=" ">
    <subfield code="a">Wielka encyklopedia powszechna PWN, 1962-1970</subfield>
  </datafield>
  <datafield tag="810" ind1=" " ind2=" ">
    <subfield code="a">Visuotinė Lietuvių enciklopedija, 2004</subfield>
  </datafield>
  <datafield tag="810" ind1=" " ind2=" ">
    <subfield code="a">Larrousse du XXè : philarètes</subfield>
  </datafield>
  <datafield tag="810" ind1=" " ind2=" ">
    <subfield code="a">BnF Service polonais</subfield>
  </datafield>
  <datafield tag="810" ind1=" " ind2=" ">
    <subfield code="a">BnF Service finno-ougrien, balte</subfield>
  </datafield>
  <datafield tag="910" ind1=" " ind2=" ">
    <subfield code="a">Filareci (Société littéraire ; Vilnius)</subfield>
  </datafield>
  <datafield tag="911" ind1=" " ind2=" ">
    <subfield code="a">Filaretai (Société littéraire ; Vilnius)</subfield>
  </datafield>
  <datafield tag="911" ind1=" " ind2=" ">
    <subfield code="a">Filaretų draugija (Vilnius)</subfield>
  </datafield>
  <datafield tag="911" ind1=" " ind2=" ">
    <subfield code="a">Société des philarètes (Vilnius)</subfield>
  </datafield>
  <datafield tag="911" ind1=" " ind2=" ">
    <subfield code="a">Society of philareths (Vilnius)</subfield>
  </datafield>
  <datafield tag="911" ind1=" " ind2=" ">
    <subfield code="a">Towarzystwo Filaretów (Vilnius)</subfield>
  </datafield>
  <datafield tag="916" ind1=" " ind2=" ">
    <subfield code="a">Vilnius (Lituanie) -- Filareci</subfield>
  </datafield>
</record>