


<record>
  <leader>     cx  b22     3  45  </leader>
  <controlfield tag="001">157332225</controlfield>
  <controlfield tag="003">http://www.idref.fr/157332225</controlfield>
  <controlfield tag="004">20111230</controlfield>
  <controlfield tag="005">20150928102326.000</controlfield>
  <controlfield tag="006">751052101</controlfield>
  <controlfield tag="007">1999</controlfield>
  <controlfield tag="008">Tb5</controlfield>
  <datafield tag="033" ind1=" " ind2=" ">
    <subfield code="a">http://catalogue.bnf.fr/ark:/12148/cb13967910v</subfield>
    <subfield code="2">BNF</subfield>
    <subfield code="d">20150928</subfield>
  </datafield>
  <datafield tag="035" ind1=" " ind2=" ">
    <subfield code="a">FRBNF139679100</subfield>
    <subfield code="z">FRBNF13967910</subfield>
  </datafield>
  <datafield tag="100" ind1=" " ind2=" ">
    <subfield code="a">20111230afrey50      ba0</subfield>
  </datafield>
  <datafield tag="102" ind1=" " ind2=" ">
    <subfield code="a">US</subfield>
  </datafield>
  <datafield tag="103" ind1=" " ind2=" ">
    <subfield code="a"> 1955     </subfield>
  </datafield>
  <datafield tag="106" ind1=" " ind2=" ">
    <subfield code="a">0</subfield>
    <subfield code="b">1</subfield>
    <subfield code="c">0</subfield>
  </datafield>
  <datafield tag="150" ind1=" " ind2=" ">
    <subfield code="a">y</subfield>
  </datafield>
  <datafield tag="152" ind1=" " ind2=" ">
    <subfield code="a">AFNOR</subfield>
  </datafield>
  <datafield tag="210" ind1="0" ind2=" ">
    <subfield code="7">ba0yba0y</subfield>
    <subfield code="9">0</subfield>
    <subfield code="a">Quincy Jones and the All Stars</subfield>
  </datafield>
  <datafield tag="300" ind1=" " ind2=" ">
    <subfield code="7">ba0yba0y</subfield>
    <subfield code="a">Groupe instrumental. - Jazz</subfield>
  </datafield>
  <datafield tag="340" ind1=" " ind2=" ">
    <subfield code="7">ba0yba0y</subfield>
    <subfield code="a">Silver, Horace, p. Blakey, Art, batt. Johnson, Osie, batt. Pettiford, Oscar, cb. Stitt, Sonny, saxo, Cohn, Al, saxo. Schildkraut, Davey, saxo. Nimitz, Jack Jerome, saxo. Solomon, H., fl. Cleveland, Jimmy, trb. Johnson, J.J., trb. Green, Urbie, trb. Winding, Kai, trb. Porcino, Al, trp. Royal, Ernie, trp. Glow, Bernie, trp. Nottingham, Jimmy, trp</subfield>
  </datafield>
  <datafield tag="500" ind1=" " ind2="1">
    <subfield code="3">077721896</subfield>
    <subfield code="7">ba0yba0y</subfield>
    <subfield code="a">Jones</subfield>
    <subfield code="b">Quincy</subfield>
    <subfield code="f">1933-....</subfield>
  </datafield>
  <datafield tag="801" ind1=" " ind2="0">
    <subfield code="a">FR</subfield>
    <subfield code="b">BnF</subfield>
    <subfield code="c">19940930</subfield>
  </datafield>
  <datafield tag="801" ind1=" " ind2="3">
    <subfield code="a">FR</subfield>
    <subfield code="b">Abes</subfield>
    <subfield code="c">20150928</subfield>
    <subfield code="g">AFNOR</subfield>
  </datafield>
  <datafield tag="810" ind1=" " ind2=" ">
    <subfield code="a">Bruyninckx</subfield>
  </datafield>
  <datafield tag="910" ind1=" " ind2=" ">
    <subfield code="a">Quincy Jones and the All Stars</subfield>
  </datafield>
</record>