


<record>
  <leader>     cx  b22     3  45  </leader>
  <controlfield tag="001">158966538</controlfield>
  <controlfield tag="003">http://www.idref.fr/158966538</controlfield>
  <controlfield tag="004">20120305</controlfield>
  <controlfield tag="005">20151003051949.000</controlfield>
  <controlfield tag="006">751052101</controlfield>
  <controlfield tag="007">4994</controlfield>
  <controlfield tag="008">Tb5</controlfield>
  <datafield tag="010" ind1=" " ind2=" ">
    <subfield code="a">0000000106562803</subfield>
    <subfield code="2">BNF</subfield>
    <subfield code="d">20150918</subfield>
  </datafield>
  <datafield tag="033" ind1=" " ind2=" ">
    <subfield code="a">http://catalogue.bnf.fr/ark:/12148/cb139040828</subfield>
    <subfield code="2">BNF</subfield>
    <subfield code="d">20150928</subfield>
  </datafield>
  <datafield tag="035" ind1=" " ind2=" ">
    <subfield code="a">FRBNF139040825</subfield>
    <subfield code="z">FRBNF13904082</subfield>
  </datafield>
  <datafield tag="100" ind1=" " ind2=" ">
    <subfield code="a">20120305afrey50      ba0</subfield>
  </datafield>
  <datafield tag="102" ind1=" " ind2=" ">
    <subfield code="a">US</subfield>
  </datafield>
  <datafield tag="103" ind1=" " ind2=" ">
    <subfield code="a"> 1944     </subfield>
    <subfield code="b"> 1962     </subfield>
  </datafield>
  <datafield tag="106" ind1=" " ind2=" ">
    <subfield code="a">0</subfield>
    <subfield code="b">1</subfield>
    <subfield code="c">0</subfield>
  </datafield>
  <datafield tag="150" ind1=" " ind2=" ">
    <subfield code="a">y</subfield>
  </datafield>
  <datafield tag="152" ind1=" " ind2=" ">
    <subfield code="a">AFNOR</subfield>
  </datafield>
  <datafield tag="210" ind1="0" ind2=" ">
    <subfield code="7">ba0yba0y</subfield>
    <subfield code="9">0</subfield>
    <subfield code="a">Ike Quebec quintet</subfield>
  </datafield>
  <datafield tag="300" ind1=" " ind2=" ">
    <subfield code="7">ba0yba0y</subfield>
    <subfield code="a">Quintet instrumental de jazz</subfield>
  </datafield>
  <datafield tag="340" ind1=" " ind2=" ">
    <subfield code="7">ba0yba0y</subfield>
    <subfield code="a">Quebec, Ike, saxophone. Ramirez, Roger &quot;Ram&quot;, piano (1944). Grimes, Tiny, guitare (1944). Hinton, Milt, contrebasse (1944). Heard, J.C., batterie (1944). Roach, Freddie, orgue (1961). Green, Grant, guitare (1961). Warren, Butch, contrebasse (1961). Hogan, Wilbert, batterie (1961). Van Dyke, Earl, orgue (1962). Jones, Willie, guitare (1962). Jones, Sam, contrebasse (1962). Hogan, Wilbert, batterie (1962). Burrell, Kenny, guitare (1962). Marshall, Wendell, contrebasse (1962). Bobo, Willie, batterie (1962). Masseaux, Garvin</subfield>
  </datafield>
  <datafield tag="500" ind1=" " ind2="1">
    <subfield code="0">A pour membre</subfield>
    <subfield code="3">094538387</subfield>
    <subfield code="5">z|xxx</subfield>
    <subfield code="7">ba0yba0y</subfield>
    <subfield code="a">Quebec</subfield>
    <subfield code="b">Ike</subfield>
    <subfield code="f">1918-1963</subfield>
  </datafield>
  <datafield tag="500" ind1=" " ind2="1">
    <subfield code="0">A pour membre</subfield>
    <subfield code="5">z|xxx</subfield>
    <subfield code="7">ba0yba0y</subfield>
    <subfield code="a">Roach</subfield>
    <subfield code="b">Freddie</subfield>
    <subfield code="f">1931-....</subfield>
  </datafield>
  <datafield tag="500" ind1=" " ind2="1">
    <subfield code="0">A pour membre</subfield>
    <subfield code="3">077441125</subfield>
    <subfield code="5">z|xxx</subfield>
    <subfield code="7">ba0yba0y</subfield>
    <subfield code="a">Green</subfield>
    <subfield code="b">Grant</subfield>
    <subfield code="f">1931-1979</subfield>
  </datafield>
  <datafield tag="500" ind1=" " ind2="1">
    <subfield code="0">A pour membre</subfield>
    <subfield code="3">086950029</subfield>
    <subfield code="5">z|xxx</subfield>
    <subfield code="7">ba0yba0y</subfield>
    <subfield code="a">Warren</subfield>
    <subfield code="b">Butch</subfield>
    <subfield code="f">1939-....</subfield>
  </datafield>
  <datafield tag="500" ind1=" " ind2="1">
    <subfield code="0">A pour membre</subfield>
    <subfield code="5">z|xxx</subfield>
    <subfield code="7">ba0yba0y</subfield>
    <subfield code="a">Hogan</subfield>
    <subfield code="b">Wilbert</subfield>
    <subfield code="f">19..-1967</subfield>
  </datafield>
  <datafield tag="500" ind1=" " ind2="1">
    <subfield code="0">A pour membre</subfield>
    <subfield code="3">158966546</subfield>
    <subfield code="5">z|xxx</subfield>
    <subfield code="7">ba0yba0y</subfield>
    <subfield code="a">Van Dyke</subfield>
    <subfield code="b">Earl</subfield>
  </datafield>
  <datafield tag="500" ind1=" " ind2="1">
    <subfield code="0">A pour membre</subfield>
    <subfield code="5">z|xxx</subfield>
    <subfield code="7">ba0yba0y</subfield>
    <subfield code="a">Jones</subfield>
    <subfield code="b">Willie</subfield>
    <subfield code="f">1929-....</subfield>
  </datafield>
  <datafield tag="500" ind1=" " ind2="1">
    <subfield code="0">A pour membre</subfield>
    <subfield code="3">082303983</subfield>
    <subfield code="5">z|xxx</subfield>
    <subfield code="7">ba0yba0y</subfield>
    <subfield code="a">Jones</subfield>
    <subfield code="b">Sam</subfield>
    <subfield code="f">1924-1981</subfield>
  </datafield>
  <datafield tag="500" ind1=" " ind2="1">
    <subfield code="0">A pour membre</subfield>
    <subfield code="3">080757375</subfield>
    <subfield code="5">z|xxx</subfield>
    <subfield code="7">ba0yba0y</subfield>
    <subfield code="a">Burrell</subfield>
    <subfield code="b">Kenny</subfield>
    <subfield code="f">1931-....</subfield>
  </datafield>
  <datafield tag="500" ind1=" " ind2="1">
    <subfield code="0">A pour membre</subfield>
    <subfield code="3">156839288</subfield>
    <subfield code="5">z|xxx</subfield>
    <subfield code="7">ba0yba0y</subfield>
    <subfield code="a">Marshall</subfield>
    <subfield code="b">Wendell</subfield>
    <subfield code="f">1920-2002</subfield>
  </datafield>
  <datafield tag="500" ind1=" " ind2="1">
    <subfield code="0">A pour membre</subfield>
    <subfield code="3">158966503</subfield>
    <subfield code="5">z|xxx</subfield>
    <subfield code="7">ba0yba0y</subfield>
    <subfield code="a">Bobo</subfield>
    <subfield code="b">Willie</subfield>
    <subfield code="f">1934-1983</subfield>
  </datafield>
  <datafield tag="500" ind1=" " ind2="1">
    <subfield code="0">A pour membre</subfield>
    <subfield code="5">z|xxx</subfield>
    <subfield code="7">ba0yba0y</subfield>
    <subfield code="a">Masseaux</subfield>
    <subfield code="b">Garvin</subfield>
  </datafield>
  <datafield tag="500" ind1=" " ind2="1">
    <subfield code="0">A pour membre</subfield>
    <subfield code="3">158966554</subfield>
    <subfield code="5">z|xxx</subfield>
    <subfield code="7">ba0yba0y</subfield>
    <subfield code="a">Ramirez</subfield>
    <subfield code="b">Roger</subfield>
    <subfield code="f">1913-1994</subfield>
  </datafield>
  <datafield tag="500" ind1=" " ind2="1">
    <subfield code="0">A pour membre</subfield>
    <subfield code="3">158966643</subfield>
    <subfield code="5">z|xxx</subfield>
    <subfield code="7">ba0yba0y</subfield>
    <subfield code="a">Grimes</subfield>
    <subfield code="b">Tiny</subfield>
    <subfield code="f">1917-1989</subfield>
  </datafield>
  <datafield tag="801" ind1=" " ind2="0">
    <subfield code="a">FR</subfield>
    <subfield code="b">BnF</subfield>
    <subfield code="c">20090721</subfield>
  </datafield>
  <datafield tag="801" ind1=" " ind2="3">
    <subfield code="a">FR</subfield>
    <subfield code="b">Abes</subfield>
    <subfield code="c">20151003</subfield>
    <subfield code="g">AFNOR</subfield>
  </datafield>
  <datafield tag="910" ind1=" " ind2=" ">
    <subfield code="a">Ike Quebec quintet</subfield>
  </datafield>
</record>