


<record>
  <leader>     cx  b22     3  45  </leader>
  <controlfield tag="001">160134897</controlfield>
  <controlfield tag="003">http://www.idref.fr/160134897</controlfield>
  <controlfield tag="004">20120404</controlfield>
  <controlfield tag="005">20190424162313.000</controlfield>
  <controlfield tag="006">596062102</controlfield>
  <controlfield tag="007">596062101</controlfield>
  <controlfield tag="008">Tb5</controlfield>
  <datafield tag="035" ind1=" " ind2=" ">
    <subfield code="a">284116683</subfield>
    <subfield code="2">VIAF</subfield>
    <subfield code="d">20180413</subfield>
  </datafield>
  <datafield tag="035" ind1=" " ind2=" ">
    <subfield code="a">200615269A</subfield>
    <subfield code="2">RNSR</subfield>
    <subfield code="d">20180929</subfield>
  </datafield>
  <datafield tag="035" ind1=" " ind2=" ">
    <subfield code="a">53322</subfield>
    <subfield code="2">HAL</subfield>
    <subfield code="d">20180110</subfield>
  </datafield>
  <datafield tag="100" ind1=" " ind2=" ">
    <subfield code="a">20120404afrey50      ba0</subfield>
  </datafield>
  <datafield tag="101" ind1=" " ind2=" ">
    <subfield code="a">fre</subfield>
  </datafield>
  <datafield tag="102" ind1=" " ind2=" ">
    <subfield code="a">FR</subfield>
  </datafield>
  <datafield tag="103" ind1=" " ind2=" ">
    <subfield code="a"> 20060101 </subfield>
  </datafield>
  <datafield tag="106" ind1=" " ind2=" ">
    <subfield code="a">0</subfield>
    <subfield code="b">1</subfield>
    <subfield code="c">0</subfield>
  </datafield>
  <datafield tag="150" ind1=" " ind2=" ">
    <subfield code="a">z</subfield>
  </datafield>
  <datafield tag="152" ind1=" " ind2=" ">
    <subfield code="a">AFNOR</subfield>
  </datafield>
  <datafield tag="210" ind1="0" ind2="2">
    <subfield code="7">ba0yba0y</subfield>
    <subfield code="9">0</subfield>
    <subfield code="a">Laboratoire de mathématiques et leurs applications de Valenciennes</subfield>
    <subfield code="c">2006-....</subfield>
  </datafield>
  <datafield tag="340" ind1=" " ind2=" ">
    <subfield code="7">ba0yba0y</subfield>
    <subfield code="a">Université polytechnique Hauts-de-France, Campus du Mont Houy 59313 Valenciennes Cedex 9</subfield>
  </datafield>
  <datafield tag="410" ind1="0" ind2="2">
    <subfield code="7">ba0yba0y</subfield>
    <subfield code="9">#</subfield>
    <subfield code="a">LAMAV</subfield>
    <subfield code="c">Valenciennes, Nord</subfield>
  </datafield>
  <datafield tag="410" ind1="0" ind2="2">
    <subfield code="7">ba0yba0y</subfield>
    <subfield code="9">#</subfield>
    <subfield code="a">Laboratoire de mathématiques et ses applications de Valenciennes</subfield>
  </datafield>
  <datafield tag="410" ind1="0" ind2="2">
    <subfield code="7">ba0yba0y</subfield>
    <subfield code="8">frefre</subfield>
    <subfield code="9">#</subfield>
    <subfield code="a">CNRS</subfield>
    <subfield code="c">France</subfield>
    <subfield code="b">EA 4015</subfield>
    <subfield code="c">Valenciennes, Nord</subfield>
  </datafield>
  <datafield tag="410" ind1="0" ind2="2">
    <subfield code="7">ba0yba0y</subfield>
    <subfield code="8">frefre</subfield>
    <subfield code="9">#</subfield>
    <subfield code="a">Centre national de la recherche scientifique</subfield>
    <subfield code="c">France</subfield>
    <subfield code="b">Equipe d&apos;accueil 4015</subfield>
    <subfield code="c">Valenciennes, Nord</subfield>
  </datafield>
  <datafield tag="410" ind1="0" ind2="2">
    <subfield code="7">ba0yba0y</subfield>
    <subfield code="8">frefre</subfield>
    <subfield code="9">#</subfield>
    <subfield code="a">Université de Valenciennes et du Hainaut-Cambresis</subfield>
    <subfield code="b">Laboratoire de mathématiques et leurs applications de Valenciennes</subfield>
  </datafield>
  <datafield tag="410" ind1="0" ind2="2">
    <subfield code="7">ba0yba0y</subfield>
    <subfield code="8">frefre</subfield>
    <subfield code="9">#</subfield>
    <subfield code="a">Université polytechnique Hauts-de-France</subfield>
    <subfield code="b">Laboratoire de mathématiques et leurs applications de Valenciennes</subfield>
  </datafield>
  <datafield tag="410" ind1="0" ind2="2">
    <subfield code="7">ba0yba0y</subfield>
    <subfield code="8">frefre</subfield>
    <subfield code="9">#</subfield>
    <subfield code="a">UVHC</subfield>
    <subfield code="b">LAMAV</subfield>
    <subfield code="c">Valenciennes, Nord</subfield>
  </datafield>
  <datafield tag="410" ind1="0" ind2="2">
    <subfield code="7">ba0yba0y</subfield>
    <subfield code="8">frefre</subfield>
    <subfield code="9">#</subfield>
    <subfield code="a">UPHF</subfield>
    <subfield code="b">LAMAV</subfield>
    <subfield code="c">Valenciennes, Nord</subfield>
  </datafield>
  <datafield tag="410" ind1="0" ind2="2">
    <subfield code="7">ba0yba0y</subfield>
    <subfield code="8">freeng</subfield>
    <subfield code="9">#</subfield>
    <subfield code="a">Valenciennes Laboratory for Mathematics and its Applications</subfield>
  </datafield>
  <datafield tag="510" ind1="0" ind2="2">
    <subfield code="0">2006-....</subfield>
    <subfield code="3">026404079</subfield>
    <subfield code="5">x|xqx</subfield>
    <subfield code="7">ba0yba0y</subfield>
    <subfield code="a">Université polytechnique Hauts-de-France</subfield>
    <subfield code="c">Valenciennes, Nord</subfield>
    <subfield code="c">1964-....</subfield>
  </datafield>
  <datafield tag="510" ind1="0" ind2="2">
    <subfield code="0">Avant 2006, voir</subfield>
    <subfield code="3">181229579</subfield>
    <subfield code="5">a|xxx</subfield>
    <subfield code="7">ba0yba0y</subfield>
    <subfield code="a">Laboratoire de mathématiques</subfield>
    <subfield code="c">Valenciennes, Nord</subfield>
  </datafield>
  <datafield tag="510" ind1="0" ind2="2">
    <subfield code="0">Avant 2006, voir</subfield>
    <subfield code="3">181230488</subfield>
    <subfield code="5">a|xxx</subfield>
    <subfield code="7">ba0yba0y</subfield>
    <subfield code="a">Laboratoire de mathématiques appliquées et de calcul scientifique</subfield>
    <subfield code="c">Valenciennes, Nord</subfield>
  </datafield>
  <datafield tag="801" ind1=" " ind2="3">
    <subfield code="a">FR</subfield>
    <subfield code="b">Abes</subfield>
    <subfield code="c">20190424</subfield>
    <subfield code="g">AFNOR</subfield>
  </datafield>
  <datafield tag="810" ind1=" " ind2=" ">
    <subfield code="a">Internet, http://www.univ-valenciennes.fr/LAMAV2/, 2012-04-04</subfield>
  </datafield>
  <datafield tag="810" ind1=" " ind2=" ">
    <subfield code="a">Internet, http://appliweb.dgri.education.fr/annuaire/DescUr.jsp?desc=20101464&amp;prov=GeoEntite, 2012-04-04</subfield>
    <subfield code="b">Laboratoire de mathématiques et ses applications de Valenciennes</subfield>
  </datafield>
  <datafield tag="910" ind1=" " ind2=" ">
    <subfield code="a">Laboratoire de mathématiques et leurs applications de Valenciennes (2006-....)</subfield>
  </datafield>
  <datafield tag="911" ind1=" " ind2=" ">
    <subfield code="a">LAMAV (Valenciennes, Nord)</subfield>
  </datafield>
  <datafield tag="911" ind1=" " ind2=" ">
    <subfield code="a">Laboratoire de mathématiques et ses applications de Valenciennes</subfield>
  </datafield>
  <datafield tag="911" ind1=" " ind2=" ">
    <subfield code="a">CNRS (France). EA 4015 (Valenciennes, Nord)</subfield>
  </datafield>
  <datafield tag="911" ind1=" " ind2=" ">
    <subfield code="a">Centre national de la recherche scientifique (France). Equipe d&apos;accueil 4015 (Valenciennes, Nord)</subfield>
  </datafield>
  <datafield tag="911" ind1=" " ind2=" ">
    <subfield code="a">Université de Valenciennes et du Hainaut-Cambresis. Laboratoire de mathématiques et leurs applications de Valenciennes</subfield>
  </datafield>
  <datafield tag="911" ind1=" " ind2=" ">
    <subfield code="a">Université polytechnique Hauts-de-France. Laboratoire de mathématiques et leurs applications de Valenciennes</subfield>
  </datafield>
  <datafield tag="911" ind1=" " ind2=" ">
    <subfield code="a">UVHC. LAMAV (Valenciennes, Nord)</subfield>
  </datafield>
  <datafield tag="911" ind1=" " ind2=" ">
    <subfield code="a">UPHF. LAMAV (Valenciennes, Nord)</subfield>
  </datafield>
  <datafield tag="911" ind1=" " ind2=" ">
    <subfield code="a">Valenciennes Laboratory for Mathematics and its Applications</subfield>
  </datafield>
</record>