


<record>
  <leader>     cx  b22     3  45  </leader>
  <controlfield tag="001">170149072</controlfield>
  <controlfield tag="003">http://www.idref.fr/170149072</controlfield>
  <controlfield tag="004">20130624</controlfield>
  <controlfield tag="005">20181221220931.000</controlfield>
  <controlfield tag="006">912282101</controlfield>
  <controlfield tag="007">912282101</controlfield>
  <controlfield tag="008">Tb5</controlfield>
  <datafield tag="033" ind1=" " ind2=" ">
    <subfield code="a">http://catalogue.bnf.fr/ark:/12148/cb13195155c</subfield>
    <subfield code="2">BNF</subfield>
    <subfield code="d">20150928</subfield>
  </datafield>
  <datafield tag="035" ind1=" " ind2=" ">
    <subfield code="a">FRBNF131951559</subfield>
    <subfield code="z">FRBNF13195155</subfield>
  </datafield>
  <datafield tag="035" ind1=" " ind2=" ">
    <subfield code="a">frBN01389882X</subfield>
  </datafield>
  <datafield tag="100" ind1=" " ind2=" ">
    <subfield code="a">20130624afrey50      ba0</subfield>
  </datafield>
  <datafield tag="101" ind1=" " ind2=" ">
    <subfield code="a">fre</subfield>
  </datafield>
  <datafield tag="102" ind1=" " ind2=" ">
    <subfield code="a">FR</subfield>
  </datafield>
  <datafield tag="106" ind1=" " ind2=" ">
    <subfield code="a">0</subfield>
    <subfield code="b">1</subfield>
    <subfield code="c">0</subfield>
  </datafield>
  <datafield tag="150" ind1=" " ind2=" ">
    <subfield code="a">y</subfield>
  </datafield>
  <datafield tag="152" ind1=" " ind2=" ">
    <subfield code="a">AFNOR</subfield>
  </datafield>
  <datafield tag="210" ind1="0" ind2=" ">
    <subfield code="7">ba0yba0y</subfield>
    <subfield code="9">0</subfield>
    <subfield code="a">Groupe des six</subfield>
  </datafield>
  <datafield tag="300" ind1=" " ind2=" ">
    <subfield code="7">ba0yba0y</subfield>
    <subfield code="a">Dénomination inventée par Henri Collet dans un article de Comoedia intitulé &quot; Un livre de Rimsky et un livre de Cocteau, les Cinq russes, les Six français et Eric Satie&quot; (16 janvier 1920), réunissant un groupe de six musiciens</subfield>
  </datafield>
  <datafield tag="300" ind1=" " ind2=" ">
    <subfield code="7">ba0yba0y</subfield>
    <subfield code="a">Adresse : Paris</subfield>
  </datafield>
  <datafield tag="340" ind1=" " ind2=" ">
    <subfield code="7">ba0yba0y</subfield>
    <subfield code="a">Louis Durey (1888-1979). Germaine Tailleferre (1892-1983). Darius Milhaud (1892-1974). Arthur Honegger (1892-1955). Francis Poulenc (1899-1963). Georges Auric (1899-1983)</subfield>
  </datafield>
  <datafield tag="500" ind1=" " ind2="1">
    <subfield code="0">A pour membre</subfield>
    <subfield code="7">ba0yba0y</subfield>
    <subfield code="a">Durey</subfield>
    <subfield code="b">Louis</subfield>
    <subfield code="f">1888-1979</subfield>
  </datafield>
  <datafield tag="500" ind1=" " ind2="1">
    <subfield code="0">A pour membre</subfield>
    <subfield code="7">ba0yba0y</subfield>
    <subfield code="a">Tailleferre</subfield>
    <subfield code="b">Germaine</subfield>
    <subfield code="f">1892-1983</subfield>
  </datafield>
  <datafield tag="500" ind1=" " ind2="1">
    <subfield code="0">A pour membre</subfield>
    <subfield code="7">ba0yba0y</subfield>
    <subfield code="a">Poulenc</subfield>
    <subfield code="b">Francis</subfield>
    <subfield code="f">1899-1963</subfield>
  </datafield>
  <datafield tag="500" ind1=" " ind2="1">
    <subfield code="0">A pour membre</subfield>
    <subfield code="7">ba0yba0y</subfield>
    <subfield code="a">Milhaud</subfield>
    <subfield code="b">Darius</subfield>
    <subfield code="f">1892-1974</subfield>
  </datafield>
  <datafield tag="500" ind1=" " ind2="1">
    <subfield code="0">A pour membre</subfield>
    <subfield code="7">ba0yba0y</subfield>
    <subfield code="a">Honegger</subfield>
    <subfield code="b">Arthur</subfield>
    <subfield code="f">1892-1955</subfield>
  </datafield>
  <datafield tag="500" ind1=" " ind2="1">
    <subfield code="0">A pour membre</subfield>
    <subfield code="7">ba0yba0y</subfield>
    <subfield code="a">Auric</subfield>
    <subfield code="b">Georges</subfield>
    <subfield code="f">1899-1983</subfield>
  </datafield>
  <datafield tag="686" ind1=" " ind2=" ">
    <subfield code="a">780</subfield>
    <subfield code="c">Musique</subfield>
    <subfield code="2">Note de regroupement par domaine</subfield>
  </datafield>
  <datafield tag="801" ind1=" " ind2="0">
    <subfield code="a">FR</subfield>
    <subfield code="b">BnF</subfield>
    <subfield code="c">20060213</subfield>
  </datafield>
  <datafield tag="801" ind1=" " ind2="3">
    <subfield code="a">FR</subfield>
    <subfield code="b">Abes</subfield>
    <subfield code="c">20181221</subfield>
    <subfield code="g">AFNOR</subfield>
  </datafield>
  <datafield tag="810" ind1=" " ind2=" ">
    <subfield code="a">Grove 6</subfield>
  </datafield>
  <datafield tag="910" ind1=" " ind2=" ">
    <subfield code="a">Groupe des six</subfield>
  </datafield>
</record>