


<record>
  <leader>     cx  b22     3  45  </leader>
  <controlfield tag="001">181230488</controlfield>
  <controlfield tag="003">http://www.idref.fr/181230488</controlfield>
  <controlfield tag="004">20141015</controlfield>
  <controlfield tag="005">20190627153332.000</controlfield>
  <controlfield tag="006">596062101</controlfield>
  <controlfield tag="007">596062101</controlfield>
  <controlfield tag="008">Tb5</controlfield>
  <datafield tag="035" ind1=" " ind2=" ">
    <subfield code="a">313568299</subfield>
    <subfield code="2">VIAF</subfield>
    <subfield code="d">20180413</subfield>
  </datafield>
  <datafield tag="035" ind1=" " ind2=" ">
    <subfield code="a">94</subfield>
    <subfield code="2">HAL</subfield>
    <subfield code="d">20180110</subfield>
  </datafield>
  <datafield tag="035" ind1=" " ind2=" ">
    <subfield code="a">200014634L</subfield>
    <subfield code="2">RNSR</subfield>
    <subfield code="d">20180110</subfield>
  </datafield>
  <datafield tag="100" ind1=" " ind2=" ">
    <subfield code="a">20141015afrey50      ba0</subfield>
  </datafield>
  <datafield tag="101" ind1=" " ind2=" ">
    <subfield code="a">fre</subfield>
  </datafield>
  <datafield tag="102" ind1=" " ind2=" ">
    <subfield code="a">FR</subfield>
  </datafield>
  <datafield tag="103" ind1=" " ind2=" ">
    <subfield code="a"> 1986     </subfield>
    <subfield code="b"> 20051231 </subfield>
  </datafield>
  <datafield tag="106" ind1=" " ind2=" ">
    <subfield code="a">0</subfield>
    <subfield code="b">1</subfield>
    <subfield code="c">0</subfield>
  </datafield>
  <datafield tag="150" ind1=" " ind2=" ">
    <subfield code="a">z</subfield>
  </datafield>
  <datafield tag="152" ind1=" " ind2=" ">
    <subfield code="a">AFNOR</subfield>
  </datafield>
  <datafield tag="210" ind1="0" ind2="2">
    <subfield code="7">ba0yba0y</subfield>
    <subfield code="9">0</subfield>
    <subfield code="a">Laboratoire de mathématiques appliquées et de calcul scientifique</subfield>
    <subfield code="c">Valenciennes, Nord</subfield>
    <subfield code="c">1986-2005</subfield>
  </datafield>
  <datafield tag="340" ind1=" " ind2=" ">
    <subfield code="7">ba0yba0y</subfield>
    <subfield code="a">Université de Valenciennes et du Hainaut-Cambrésis, Campus du Mont Houy 59313 Valenciennes</subfield>
  </datafield>
  <datafield tag="410" ind1="0" ind2="2">
    <subfield code="7">ba0yba0y</subfield>
    <subfield code="9">#</subfield>
    <subfield code="a">MACS</subfield>
    <subfield code="c">Valenciennes, Nord</subfield>
  </datafield>
  <datafield tag="410" ind1="0" ind2="2">
    <subfield code="7">ba0yba0y</subfield>
    <subfield code="9">#</subfield>
    <subfield code="a">Laboratoire d&apos;informatique et de mathématiques appliquées de Valenciennes</subfield>
  </datafield>
  <datafield tag="410" ind1="0" ind2="2">
    <subfield code="7">ba0yba0y</subfield>
    <subfield code="9">#</subfield>
    <subfield code="a">LIMAV</subfield>
    <subfield code="c">Valenciennes, Nord</subfield>
  </datafield>
  <datafield tag="410" ind1="0" ind2="2">
    <subfield code="7">ba0yba0y</subfield>
    <subfield code="9">#</subfield>
    <subfield code="a">Université de Valenciennes et du Hainaut Cambresis</subfield>
    <subfield code="b">Laboratoire de mathématiques appliquées et de calcul scientifique</subfield>
    <subfield code="c">Valenciennes, Nord</subfield>
  </datafield>
  <datafield tag="410" ind1="0" ind2="2">
    <subfield code="7">ba0yba0y</subfield>
    <subfield code="9">#</subfield>
    <subfield code="a">Université de Valenciennes et du Hainaut Cambresis</subfield>
    <subfield code="b">Laboratoire d&apos;informatique et de mathématiques appliquées de Valenciennes</subfield>
  </datafield>
  <datafield tag="410" ind1="0" ind2="2">
    <subfield code="7">ba0yba0y</subfield>
    <subfield code="9">#</subfield>
    <subfield code="a">UVHC</subfield>
    <subfield code="b">MACS</subfield>
  </datafield>
  <datafield tag="410" ind1="0" ind2="2">
    <subfield code="7">ba0yba0y</subfield>
    <subfield code="9">#</subfield>
    <subfield code="a">UVHC</subfield>
    <subfield code="b">LIMAV</subfield>
  </datafield>
  <datafield tag="510" ind1="0" ind2="2">
    <subfield code="0">1986-2005</subfield>
    <subfield code="3">026404079</subfield>
    <subfield code="5">x|xqx</subfield>
    <subfield code="7">ba0yba0y</subfield>
    <subfield code="a">Université polytechnique Hauts-de-France</subfield>
    <subfield code="c">Valenciennes, Nord</subfield>
    <subfield code="c">1979-....</subfield>
  </datafield>
  <datafield tag="510" ind1="0" ind2="2">
    <subfield code="0">Après 2005, voir</subfield>
    <subfield code="3">160134897</subfield>
    <subfield code="5">b|xxx</subfield>
    <subfield code="7">ba0yba0y</subfield>
    <subfield code="a">Laboratoire de mathématiques et leurs applications de Valenciennes</subfield>
    <subfield code="c">2006-....</subfield>
  </datafield>
  <datafield tag="801" ind1=" " ind2="3">
    <subfield code="a">FR</subfield>
    <subfield code="b">Abes</subfield>
    <subfield code="c">20190627</subfield>
    <subfield code="g">AFNOR</subfield>
  </datafield>
  <datafield tag="810" ind1=" " ind2=" ">
    <subfield code="a">Internet, http://www.univ-valenciennes.fr/lamav/, 2014-10-15</subfield>
  </datafield>
  <datafield tag="910" ind1=" " ind2=" ">
    <subfield code="a">Laboratoire de mathématiques appliquées et de calcul scientifique (Valenciennes, Nord ; 1986-2005)</subfield>
  </datafield>
  <datafield tag="911" ind1=" " ind2=" ">
    <subfield code="a">MACS (Valenciennes, Nord)</subfield>
  </datafield>
  <datafield tag="911" ind1=" " ind2=" ">
    <subfield code="a">Laboratoire d&apos;informatique et de mathématiques appliquées de Valenciennes</subfield>
  </datafield>
  <datafield tag="911" ind1=" " ind2=" ">
    <subfield code="a">LIMAV (Valenciennes, Nord)</subfield>
  </datafield>
  <datafield tag="911" ind1=" " ind2=" ">
    <subfield code="a">Université de Valenciennes et du Hainaut Cambresis. Laboratoire de mathématiques appliquées et de calcul scientifique (Valenciennes, Nord)</subfield>
  </datafield>
  <datafield tag="911" ind1=" " ind2=" ">
    <subfield code="a">Université de Valenciennes et du Hainaut Cambresis. Laboratoire d&apos;informatique et de mathématiques appliquées de Valenciennes</subfield>
  </datafield>
  <datafield tag="911" ind1=" " ind2=" ">
    <subfield code="a">UVHC. MACS</subfield>
  </datafield>
  <datafield tag="911" ind1=" " ind2=" ">
    <subfield code="a">UVHC. LIMAV</subfield>
  </datafield>
</record>