


<record>
  <leader>     cx  b22     3  45  </leader>
  <controlfield tag="001">194129934</controlfield>
  <controlfield tag="003">http://www.idref.fr/194129934</controlfield>
  <controlfield tag="004">20160701</controlfield>
  <controlfield tag="005">20190418161318.000</controlfield>
  <controlfield tag="006">596062102</controlfield>
  <controlfield tag="007">596062101</controlfield>
  <controlfield tag="008">Tb5</controlfield>
  <datafield tag="100" ind1=" " ind2=" ">
    <subfield code="a">20160701afrey50      ba0</subfield>
  </datafield>
  <datafield tag="101" ind1=" " ind2=" ">
    <subfield code="a">fre</subfield>
  </datafield>
  <datafield tag="102" ind1=" " ind2=" ">
    <subfield code="a">FR</subfield>
  </datafield>
  <datafield tag="103" ind1=" " ind2=" ">
    <subfield code="a"> 1967-    </subfield>
  </datafield>
  <datafield tag="106" ind1=" " ind2=" ">
    <subfield code="a">0</subfield>
    <subfield code="b">1</subfield>
    <subfield code="c">0</subfield>
  </datafield>
  <datafield tag="150" ind1=" " ind2=" ">
    <subfield code="a">z</subfield>
  </datafield>
  <datafield tag="152" ind1=" " ind2=" ">
    <subfield code="a">AFNOR</subfield>
  </datafield>
  <datafield tag="210" ind1="0" ind2="2">
    <subfield code="7">ba0yba0y</subfield>
    <subfield code="9">0</subfield>
    <subfield code="a">Institut universitaire de technologie</subfield>
    <subfield code="c">Valenciennes, Nord</subfield>
    <subfield code="c">1967-....</subfield>
  </datafield>
  <datafield tag="340" ind1=" " ind2=" ">
    <subfield code="7">ba0yba0y</subfield>
    <subfield code="a">Université polytechnique Hauts-de-France, Campus du Mont Houy, 59313 Valenciennes Cedex 9</subfield>
  </datafield>
  <datafield tag="410" ind1="0" ind2="2">
    <subfield code="7">ba0yba0y</subfield>
    <subfield code="9">#</subfield>
    <subfield code="a">UVHC</subfield>
    <subfield code="c">Valenciennes, Nord</subfield>
    <subfield code="b">IUT</subfield>
  </datafield>
  <datafield tag="410" ind1="0" ind2="2">
    <subfield code="7">ba0yba0y</subfield>
    <subfield code="9">#</subfield>
    <subfield code="a">UPHF</subfield>
    <subfield code="c">Valenciennes, Nord</subfield>
    <subfield code="b">IUT</subfield>
  </datafield>
  <datafield tag="410" ind1="0" ind2="2">
    <subfield code="7">ba0yba0y</subfield>
    <subfield code="9">#</subfield>
    <subfield code="a">IUT</subfield>
    <subfield code="c">Valenciennes, Nord</subfield>
  </datafield>
  <datafield tag="410" ind1="0" ind2="2">
    <subfield code="7">ba0yba0y</subfield>
    <subfield code="9">#</subfield>
    <subfield code="a">Université de Valenciennes, Campus du Mont Houy</subfield>
    <subfield code="b">IUT</subfield>
  </datafield>
  <datafield tag="410" ind1="0" ind2="2">
    <subfield code="7">ba0yba0y</subfield>
    <subfield code="9">#</subfield>
    <subfield code="a">Université de Valenciennes et du Hainaut-Cambrésis</subfield>
    <subfield code="b">Institut universitaire de technologie</subfield>
  </datafield>
  <datafield tag="410" ind1="0" ind2="2">
    <subfield code="7">ba0yba0y</subfield>
    <subfield code="9">#</subfield>
    <subfield code="a">Université polytechnique Hauts-de-France</subfield>
    <subfield code="c">Valenciennes, Nord</subfield>
    <subfield code="b">Institut universitaire de technologie</subfield>
  </datafield>
  <datafield tag="510" ind1="0" ind2="2">
    <subfield code="0">1967-....</subfield>
    <subfield code="3">026404079</subfield>
    <subfield code="5">x|xqx</subfield>
    <subfield code="7">ba0yba0y</subfield>
    <subfield code="a">Université polytechnique Hauts-de-France</subfield>
    <subfield code="c">Valenciennes, Nord</subfield>
  </datafield>
  <datafield tag="801" ind1=" " ind2="3">
    <subfield code="a">FR</subfield>
    <subfield code="b">Abes</subfield>
    <subfield code="c">20190418</subfield>
    <subfield code="g">AFNOR</subfield>
  </datafield>
  <datafield tag="810" ind1=" " ind2=" ">
    <subfield code="a">Internet, http://www.univ-valenciennes.fr/IUT, 2016-07-01</subfield>
  </datafield>
  <datafield tag="810" ind1=" " ind2=" ">
    <subfield code="a">50 ans Université de Valenciennes et du Hainaut-Cambresis : 1964-2014 : les pieds sur terre et la tête dans les étoiles / UVHC, cop. 2014</subfield>
    <subfield code="b">Date de naissance</subfield>
  </datafield>
  <datafield tag="910" ind1=" " ind2=" ">
    <subfield code="a">Institut universitaire de technologie (Valenciennes, Nord ; 1967-....)</subfield>
  </datafield>
  <datafield tag="911" ind1=" " ind2=" ">
    <subfield code="a">UVHC (Valenciennes, Nord). IUT</subfield>
  </datafield>
  <datafield tag="911" ind1=" " ind2=" ">
    <subfield code="a">UPHF (Valenciennes, Nord). IUT</subfield>
  </datafield>
  <datafield tag="911" ind1=" " ind2=" ">
    <subfield code="a">IUT (Valenciennes, Nord)</subfield>
  </datafield>
  <datafield tag="911" ind1=" " ind2=" ">
    <subfield code="a">Université de Valenciennes, Campus du Mont Houy. IUT</subfield>
  </datafield>
  <datafield tag="911" ind1=" " ind2=" ">
    <subfield code="a">Université de Valenciennes et du Hainaut-Cambrésis. Institut universitaire de technologie</subfield>
  </datafield>
  <datafield tag="911" ind1=" " ind2=" ">
    <subfield code="a">Université polytechnique Hauts-de-France (Valenciennes, Nord). Institut universitaire de technologie</subfield>
  </datafield>
</record>