


<record>
  <leader>     nx  b22     3  45  </leader>
  <controlfield tag="001">227242106</controlfield>
  <controlfield tag="003">http://www.idref.fr/227242106</controlfield>
  <controlfield tag="004">20180530</controlfield>
  <controlfield tag="005">20180530131142.000</controlfield>
  <controlfield tag="006">352382139</controlfield>
  <controlfield tag="007">352382139</controlfield>
  <controlfield tag="008">Tb5</controlfield>
  <datafield tag="100" ind1=" " ind2=" ">
    <subfield code="a">20180530afrey50      ba0</subfield>
  </datafield>
  <datafield tag="101" ind1=" " ind2=" ">
    <subfield code="a">eng</subfield>
  </datafield>
  <datafield tag="102" ind1=" " ind2=" ">
    <subfield code="a">GB</subfield>
  </datafield>
  <datafield tag="103" ind1=" " ind2=" ">
    <subfield code="a"> 19681112 </subfield>
  </datafield>
  <datafield tag="106" ind1=" " ind2=" ">
    <subfield code="a">0</subfield>
    <subfield code="b">1</subfield>
    <subfield code="c">0</subfield>
  </datafield>
  <datafield tag="150" ind1=" " ind2=" ">
    <subfield code="a">y</subfield>
    <subfield code="b">0</subfield>
  </datafield>
  <datafield tag="152" ind1=" " ind2=" ">
    <subfield code="a">AFNOR</subfield>
  </datafield>
  <datafield tag="210" ind1="0" ind2="2">
    <subfield code="7">ba0yba0y</subfield>
    <subfield code="9">0</subfield>
    <subfield code="a">The Dirty Mac</subfield>
  </datafield>
  <datafield tag="340" ind1=" " ind2=" ">
    <subfield code="7">ba0yba0y</subfield>
    <subfield code="a">Groupe musical</subfield>
  </datafield>
  <datafield tag="500" ind1=" " ind2="1">
    <subfield code="3">026983230</subfield>
    <subfield code="5">x|xlx</subfield>
    <subfield code="7">ba0yba0y</subfield>
    <subfield code="a">Lennon</subfield>
    <subfield code="b">John</subfield>
    <subfield code="f">1940-1980</subfield>
  </datafield>
  <datafield tag="500" ind1=" " ind2="1">
    <subfield code="3">033662827</subfield>
    <subfield code="5">x|xlx</subfield>
    <subfield code="7">ba0yba0y</subfield>
    <subfield code="a">Clapton</subfield>
    <subfield code="b">Eric</subfield>
    <subfield code="f">1945-....</subfield>
  </datafield>
  <datafield tag="500" ind1=" " ind2="1">
    <subfield code="3">028293053</subfield>
    <subfield code="5">x|xlx</subfield>
    <subfield code="7">ba0yba0y</subfield>
    <subfield code="a">Richards</subfield>
    <subfield code="b">Keith</subfield>
    <subfield code="f">1943-....</subfield>
  </datafield>
  <datafield tag="500" ind1=" " ind2="1">
    <subfield code="3">164605770</subfield>
    <subfield code="5">x|xlx</subfield>
    <subfield code="7">ba0yba0y</subfield>
    <subfield code="a">Mitchell</subfield>
    <subfield code="b">Mitch</subfield>
    <subfield code="f">1947-2008</subfield>
  </datafield>
  <datafield tag="801" ind1=" " ind2="3">
    <subfield code="a">FR</subfield>
    <subfield code="b">Abes</subfield>
    <subfield code="c">20180530</subfield>
    <subfield code="g">AFNOR</subfield>
  </datafield>
  <datafield tag="810" ind1=" " ind2=" ">
    <subfield code="a">The Rolling Stones rock and roll circus [Images animées] / Michael Lindsay-Hogg, réal. ; Yoko Ono, Taj Mahal, Marianne Faithfull... [et al.], chant. ; The Rolling Stones, The Who, The Dirty Mac... [et al.], groupes voc. et instr.- [Paris] : Universal music [distrib.], 2004</subfield>
  </datafield>
  <datafield tag="810" ind1=" " ind2=" ">
    <subfield code="a">Internet : http://catalogue.bnf.fr (2018-05-30)</subfield>
  </datafield>
  <datafield tag="910" ind1=" " ind2=" ">
    <subfield code="a">The Dirty Mac</subfield>
  </datafield>
</record>