


<record>
  <leader>     cx  b22     3  45  </leader>
  <controlfield tag="001">03361122X</controlfield>
  <controlfield tag="003">http://www.idref.fr/03361122X</controlfield>
  <controlfield tag="004">19950209</controlfield>
  <controlfield tag="005">20171107200621.000</controlfield>
  <controlfield tag="006">0004</controlfield>
  <controlfield tag="007">4994</controlfield>
  <controlfield tag="008">Tb5</controlfield>
  <datafield tag="010" ind1=" " ind2=" ">
    <subfield code="a">0000000121751303</subfield>
    <subfield code="2">BNF</subfield>
    <subfield code="d">20150918</subfield>
  </datafield>
  <datafield tag="033" ind1=" " ind2=" ">
    <subfield code="a">http://catalogue.bnf.fr/ark:/12148/cb12381002j</subfield>
    <subfield code="2">BNF</subfield>
    <subfield code="d">20150918</subfield>
  </datafield>
  <datafield tag="035" ind1=" " ind2=" ">
    <subfield code="a">032862504</subfield>
    <subfield code="9">sudoc</subfield>
  </datafield>
  <datafield tag="035" ind1=" " ind2=" ">
    <subfield code="a">frBN010917339</subfield>
  </datafield>
  <datafield tag="035" ind1=" " ind2=" ">
    <subfield code="a">frBN010061471</subfield>
  </datafield>
  <datafield tag="035" ind1=" " ind2=" ">
    <subfield code="a">FRBNF123810021</subfield>
    <subfield code="z">FRBNF12381002</subfield>
  </datafield>
  <datafield tag="100" ind1=" " ind2=" ">
    <subfield code="a">19950209afrey50      ba0</subfield>
  </datafield>
  <datafield tag="101" ind1=" " ind2=" ">
    <subfield code="a">fre</subfield>
  </datafield>
  <datafield tag="102" ind1=" " ind2=" ">
    <subfield code="a">FR</subfield>
  </datafield>
  <datafield tag="103" ind1=" " ind2=" ">
    <subfield code="a"> 19940103 </subfield>
  </datafield>
  <datafield tag="106" ind1=" " ind2=" ">
    <subfield code="a">0</subfield>
    <subfield code="b">1</subfield>
    <subfield code="c">0</subfield>
  </datafield>
  <datafield tag="150" ind1=" " ind2=" ">
    <subfield code="a">y</subfield>
  </datafield>
  <datafield tag="152" ind1=" " ind2=" ">
    <subfield code="a">AFNOR</subfield>
  </datafield>
  <datafield tag="210" ind1="0" ind2="2">
    <subfield code="7">ba0yba0y</subfield>
    <subfield code="9">0</subfield>
    <subfield code="a">Bibliothèque nationale de France</subfield>
  </datafield>
  <datafield tag="340" ind1=" " ind2=" ">
    <subfield code="7">ba0yba0y</subfield>
    <subfield code="a">Créée par D. du 3-1-1994, la Bibliothèque nationale de France est issue de la fusion de la Bibliothèque nationale et de l&apos;Établissement public chargé de la construction de la Bibliothèque de France</subfield>
  </datafield>
  <datafield tag="410" ind1="0" ind2="2">
    <subfield code="7">ba0yba0y</subfield>
    <subfield code="9">#</subfield>
    <subfield code="a">BNF</subfield>
  </datafield>
  <datafield tag="410" ind1="0" ind2="2">
    <subfield code="7">ba0yba0y</subfield>
    <subfield code="9">#</subfield>
    <subfield code="a">Faguo guojia tushu guan</subfield>
  </datafield>
  <datafield tag="410" ind1="0" ind2="2">
    <subfield code="7">ba0yba0y</subfield>
    <subfield code="9">#</subfield>
    <subfield code="a">Fa guo guo jia tu shu guan</subfield>
  </datafield>
  <datafield tag="410" ind1="0" ind2="2">
    <subfield code="7">ba0yba0y</subfield>
    <subfield code="9">#</subfield>
    <subfield code="a">法國國家圖書館</subfield>
  </datafield>
  <datafield tag="510" ind1="0" ind2="2">
    <subfield code="3">026361787</subfield>
    <subfield code="5">u|xxx</subfield>
    <subfield code="7">ba0yba0y</subfield>
    <subfield code="a">Bibliothèque nationale</subfield>
    <subfield code="c">France</subfield>
  </datafield>
  <datafield tag="510" ind1="0" ind2="2">
    <subfield code="3">02973231X</subfield>
    <subfield code="5">u|xxx</subfield>
    <subfield code="7">ba0yba0y</subfield>
    <subfield code="a">Etablissement public de la Bibliothèque de France</subfield>
  </datafield>
  <datafield tag="510" ind1="0" ind2="2">
    <subfield code="0">Avant le 3 janvier 1994, voir</subfield>
    <subfield code="3">026361787</subfield>
    <subfield code="5">a|xxx</subfield>
    <subfield code="7">ba0yba0y</subfield>
    <subfield code="a">Bibliothèque nationale</subfield>
    <subfield code="c">France</subfield>
  </datafield>
  <datafield tag="510" ind1="0" ind2="2">
    <subfield code="0">Avant le 3 janvier 1994, voir</subfield>
    <subfield code="3">02973231X</subfield>
    <subfield code="5">a|xxx</subfield>
    <subfield code="7">ba0yba0y</subfield>
    <subfield code="a">Etablissement public de la Bibliothèque de France</subfield>
  </datafield>
  <datafield tag="510" ind1="0" ind2="2">
    <subfield code="3">183132386</subfield>
    <subfield code="5">z|xxx</subfield>
    <subfield code="7">ba0yba0y</subfield>
    <subfield code="a">Bibliothèque nationale de France</subfield>
    <subfield code="x">Site Cardinal de Richelieu</subfield>
  </datafield>
  <datafield tag="510" ind1="0" ind2="2">
    <subfield code="3">183132882</subfield>
    <subfield code="5">z|xxx</subfield>
    <subfield code="7">ba0yba0y</subfield>
    <subfield code="a">Bibliothèque nationale de France</subfield>
    <subfield code="x">Site François Mitterrand</subfield>
  </datafield>
  <datafield tag="801" ind1=" " ind2="3">
    <subfield code="a">FR</subfield>
    <subfield code="b">Abes</subfield>
    <subfield code="c">20171107</subfield>
    <subfield code="g">AFNOR</subfield>
    <subfield code="h">032862504</subfield>
  </datafield>
  <datafield tag="810" ind1=" " ind2=" ">
    <subfield code="a">BN ACO (en ligne), 1995-02-09</subfield>
  </datafield>
  <datafield tag="810" ind1=" " ind2=" ">
    <subfield code="a">JO, 1994-01-04. BA 1995</subfield>
  </datafield>
  <datafield tag="810" ind1=" " ind2=" ">
    <subfield code="a">Les arts du cirque au XIXe siècle / Noe͏̈lle Gire ; [publié par la] Bibliothèque nationale de France, cop. 2001</subfield>
  </datafield>
  <datafield tag="810" ind1=" " ind2=" ">
    <subfield code="a">L&apos;estampe impressionniste : trésors de la Bibliothèque nationale de France, de Manet à Renoir : [exposition Musée des beaux-arts de Caen, 4 juin-5 septembre 2010] / Caroline Joubert, Michel Melot, Valérie Sueur-Hermel, cop. 2010</subfield>
  </datafield>
  <datafield tag="810" ind1=" " ind2=" ">
    <subfield code="a">Primitifs de la photographie : le calotype en France, 1843-1860 : [exposition présentée par la Bibliothèque nationale de France, site Richelieu, du 19 octobre 2010 au 16 janvier 2011] / sous la direction de Sylvie Aubenas et Paul-Louis Roubert, cop. 2010</subfield>
  </datafield>
  <datafield tag="810" ind1=" " ind2=" ">
    <subfield code="a">La France de Raymond Depardon : [exposition, Paris, Bibliothèque nationale de France, 30 septembre 2010- 9 janvier 2011] / [catalogue par Raymond Depardon] ; [préface de Bruno Racine], DL 2010</subfield>
  </datafield>
  <datafield tag="810" ind1=" " ind2=" ">
    <subfield code="a">Hans Hartung : estampes : expositions, Berlin, Kupferstichkabinett, Staatliche Museen zu Berlin, 30 juillet-10 octobre 2010, Paris, Bibliothèque nationale de France, site François-Mitterrand, 12 octobre 2010-16 janvier 2011, Genève, Musées d&apos;art et d&apos;histoire de Genève, 23 juin-25 septembre 2011 / sous la direction de Céline Chica-Castex, Christian Rümelin, Andreas Schalhorn, 2010</subfield>
  </datafield>
  <datafield tag="810" ind1=" " ind2=" ">
    <subfield code="a">Visions d&apos;Égypte : Émile Prisse d&apos;Avennes, 1807-1879 : [exposition, Paris, Bibliothèque nationale de France, Site Richelieu, Galerie Mansart, 1er mars-5 juin 2011] ; [catalogue par Marie-Laure Prévost, Élisabeth Delange, Bernard Mathieu... et al.], impr. 2011</subfield>
  </datafield>
  <datafield tag="910" ind1=" " ind2=" ">
    <subfield code="a">Bibliothèque nationale de France</subfield>
  </datafield>
  <datafield tag="911" ind1=" " ind2=" ">
    <subfield code="a">BNF</subfield>
  </datafield>
  <datafield tag="911" ind1=" " ind2=" ">
    <subfield code="a">Faguo guojia tushu guan</subfield>
  </datafield>
  <datafield tag="911" ind1=" " ind2=" ">
    <subfield code="a">Fa guo guo jia tu shu guan</subfield>
  </datafield>
  <datafield tag="911" ind1=" " ind2=" ">
    <subfield code="a">法國國家圖書館</subfield>
  </datafield>
</record>