


<record>
  <leader>     nx  b22     3  45  </leader>
  <controlfield tag="001">09515440X</controlfield>
  <controlfield tag="003">http://www.idref.fr/09515440X</controlfield>
  <controlfield tag="004">20060119</controlfield>
  <controlfield tag="005">20060119134416.000</controlfield>
  <controlfield tag="006">751072303</controlfield>
  <controlfield tag="007">751072303</controlfield>
  <controlfield tag="008">Tb5</controlfield>
  <datafield tag="100" ind1=" " ind2=" ">
    <subfield code="a">20060119afrey50      ba0</subfield>
  </datafield>
  <datafield tag="101" ind1=" " ind2=" ">
    <subfield code="a">eng</subfield>
  </datafield>
  <datafield tag="102" ind1=" " ind2=" ">
    <subfield code="a">US</subfield>
  </datafield>
  <datafield tag="106" ind1=" " ind2=" ">
    <subfield code="a">0</subfield>
    <subfield code="b">1</subfield>
    <subfield code="c">0</subfield>
  </datafield>
  <datafield tag="152" ind1=" " ind2=" ">
    <subfield code="a">AFNOR</subfield>
  </datafield>
  <datafield tag="210" ind1="0" ind2="2">
    <subfield code="7">ba0yba0y</subfield>
    <subfield code="9">0</subfield>
    <subfield code="a">Etats-Unis</subfield>
    <subfield code="b">President&apos;s Committee on equal employment opportunity</subfield>
  </datafield>
  <datafield tag="801" ind1=" " ind2="3">
    <subfield code="a">FR</subfield>
    <subfield code="b">Abes</subfield>
    <subfield code="c">20060119</subfield>
    <subfield code="g">AFNOR</subfield>
  </datafield>
  <datafield tag="810" ind1=" " ind2=" ">
    <subfield code="a">Rules and regulations of the President&apos;s Committee on equal opportunity, effective July 22, 1961, as amended November 23, 1962</subfield>
  </datafield>
  <datafield tag="910" ind1=" " ind2=" ">
    <subfield code="a">Etats-Unis. President&apos;s Committee on equal employment opportunity</subfield>
  </datafield>
</record>