


<record>
  <leader>     cx  b22     3  45  </leader>
  <controlfield tag="001">16013188X</controlfield>
  <controlfield tag="003">http://www.idref.fr/16013188X</controlfield>
  <controlfield tag="004">20120404</controlfield>
  <controlfield tag="005">20190510100956.000</controlfield>
  <controlfield tag="006">596062102</controlfield>
  <controlfield tag="007">341720001</controlfield>
  <controlfield tag="008">Tb5</controlfield>
  <datafield tag="035" ind1=" " ind2=" ">
    <subfield code="a">289247106</subfield>
    <subfield code="2">VIAF</subfield>
    <subfield code="d">20180413</subfield>
  </datafield>
  <datafield tag="035" ind1=" " ind2=" ">
    <subfield code="a">201019054X</subfield>
    <subfield code="2">RNSR</subfield>
    <subfield code="d">20180929</subfield>
  </datafield>
  <datafield tag="100" ind1=" " ind2=" ">
    <subfield code="a">20120404afrey50      ba0</subfield>
  </datafield>
  <datafield tag="101" ind1=" " ind2=" ">
    <subfield code="a">fre</subfield>
  </datafield>
  <datafield tag="102" ind1=" " ind2=" ">
    <subfield code="a">FR</subfield>
  </datafield>
  <datafield tag="103" ind1=" " ind2=" ">
    <subfield code="a"> 20100901 </subfield>
    <subfield code="b"> 20141231 </subfield>
  </datafield>
  <datafield tag="106" ind1=" " ind2=" ">
    <subfield code="a">0</subfield>
    <subfield code="b">1</subfield>
    <subfield code="c">0</subfield>
  </datafield>
  <datafield tag="150" ind1=" " ind2=" ">
    <subfield code="a">z</subfield>
  </datafield>
  <datafield tag="152" ind1=" " ind2=" ">
    <subfield code="a">AFNOR</subfield>
  </datafield>
  <datafield tag="210" ind1="0" ind2="2">
    <subfield code="7">ba0yba0y</subfield>
    <subfield code="9">0</subfield>
    <subfield code="a">Laboratoire de thermique, écoulement, mécanique, matériaux, mise en forme, production</subfield>
    <subfield code="c">Valenciennes, Nord</subfield>
    <subfield code="c">2010-2014</subfield>
  </datafield>
  <datafield tag="340" ind1=" " ind2=" ">
    <subfield code="7">ba0yba0y</subfield>
    <subfield code="a">Université polytechnique Hauts-de-France, Campus du Mont Houy 59313 Valenciennes. Depuis le 1er janvier 2015 ce laboratoire a été rattaché au LAMIH</subfield>
  </datafield>
  <datafield tag="410" ind1="0" ind2="2">
    <subfield code="7">ba0yba0y</subfield>
    <subfield code="9">#</subfield>
    <subfield code="a">TEMPO</subfield>
    <subfield code="c">Valenciennes, Nord</subfield>
  </datafield>
  <datafield tag="410" ind1="0" ind2="2">
    <subfield code="7">ba0yba0y</subfield>
    <subfield code="9">#</subfield>
    <subfield code="a">TEMPO</subfield>
    <subfield code="c">Valenciennes, Nord</subfield>
    <subfield code="b">DF2T</subfield>
  </datafield>
  <datafield tag="410" ind1="0" ind2="2">
    <subfield code="7">ba0yba0y</subfield>
    <subfield code="9">#</subfield>
    <subfield code="a">TEMPO</subfield>
    <subfield code="c">Valenciennes, Nord</subfield>
    <subfield code="b">MSM</subfield>
  </datafield>
  <datafield tag="410" ind1="0" ind2="2">
    <subfield code="7">ba0yba0y</subfield>
    <subfield code="9">#</subfield>
    <subfield code="a">TEMPO</subfield>
    <subfield code="c">Valenciennes, Nord</subfield>
    <subfield code="b">PSI</subfield>
  </datafield>
  <datafield tag="410" ind1="0" ind2="2">
    <subfield code="7">ba0yba0y</subfield>
    <subfield code="9">#</subfield>
    <subfield code="a">Laboratoire de thermique, écoulement, mécanique, matériaux, mise en forme, production</subfield>
    <subfield code="c">Valenciennes, Nord</subfield>
    <subfield code="b">Equipe dynamique des fluides et transferts thermiques</subfield>
  </datafield>
  <datafield tag="410" ind1="0" ind2="2">
    <subfield code="7">ba0yba0y</subfield>
    <subfield code="9">#</subfield>
    <subfield code="a">Laboratoire de thermique, écoulement, mécanique, matériaux, mise en forme, production</subfield>
    <subfield code="c">Valenciennes, Nord</subfield>
    <subfield code="b">Equipe matériaux, surfaces et mise en forme</subfield>
  </datafield>
  <datafield tag="410" ind1="0" ind2="2">
    <subfield code="7">ba0yba0y</subfield>
    <subfield code="9">#</subfield>
    <subfield code="a">Laboratoire de thermique, écoulement, mécanique, matériaux, mise en forme, production</subfield>
    <subfield code="c">Valenciennes, Nord</subfield>
    <subfield code="b">Equipe production, services, informations</subfield>
  </datafield>
  <datafield tag="410" ind1="0" ind2="2">
    <subfield code="7">ba0yba0y</subfield>
    <subfield code="9">#</subfield>
    <subfield code="a">Université de Valenciennes et du Hainaut-Cambrésis</subfield>
    <subfield code="b">Laboratoire de thermique, écoulement, mécanique, matériaux, mise en forme, production</subfield>
  </datafield>
  <datafield tag="410" ind1="0" ind2="2">
    <subfield code="7">ba0yba0y</subfield>
    <subfield code="9">#</subfield>
    <subfield code="a">Laboratoire de thermique, énergétique, mécanique des matériaux, procédés de mise en forme, production</subfield>
    <subfield code="c">Valenciennes, Nord</subfield>
  </datafield>
  <datafield tag="410" ind1="0" ind2="2">
    <subfield code="7">ba0yba0y</subfield>
    <subfield code="9">#</subfield>
    <subfield code="a">Laboratoire de thermique, écoulement, mécanique, matériaux, mise en fonction, production</subfield>
    <subfield code="c">Valenciennes, Nord</subfield>
  </datafield>
  <datafield tag="410" ind1="0" ind2="2">
    <subfield code="7">ba0yba0y</subfield>
    <subfield code="9">#</subfield>
    <subfield code="a">CNRS</subfield>
    <subfield code="c">France</subfield>
    <subfield code="b">EA 4542</subfield>
    <subfield code="c">Valenciennes, Nord</subfield>
  </datafield>
  <datafield tag="410" ind1="0" ind2="2">
    <subfield code="7">ba0yba0y</subfield>
    <subfield code="9">#</subfield>
    <subfield code="a">Centre national de la recherche scientifique</subfield>
    <subfield code="c">France</subfield>
    <subfield code="b">Equipe d&apos;accueil 4542</subfield>
    <subfield code="c">Valenciennes, Nord</subfield>
  </datafield>
  <datafield tag="410" ind1="0" ind2="2">
    <subfield code="7">ba0yba0y</subfield>
    <subfield code="9">#</subfield>
    <subfield code="a">UVHC</subfield>
    <subfield code="b">TEMPO</subfield>
    <subfield code="c">Valenciennes, Nord</subfield>
  </datafield>
  <datafield tag="410" ind1="0" ind2="2">
    <subfield code="7">ba0yba0y</subfield>
    <subfield code="9">#</subfield>
    <subfield code="a">UPHF</subfield>
    <subfield code="b">TEMPO</subfield>
    <subfield code="c">Valenciennes, Nord</subfield>
  </datafield>
  <datafield tag="410" ind1="0" ind2="2">
    <subfield code="7">ba0yba0y</subfield>
    <subfield code="9">#</subfield>
    <subfield code="a">Université de Valenciennes et du Hainaut-Cambrésis</subfield>
    <subfield code="b">Laboratoire de thermique, écoulement, mécanique, matériaux, mise en forme, production</subfield>
  </datafield>
  <datafield tag="410" ind1="0" ind2="2">
    <subfield code="7">ba0yba0y</subfield>
    <subfield code="9">#</subfield>
    <subfield code="a">Université polytechnique Hauts-de-France</subfield>
    <subfield code="c">Valenciennes, Nord</subfield>
    <subfield code="b">Laboratoire de thermique, écoulement, mécanique, matériaux, mise en forme, production</subfield>
  </datafield>
  <datafield tag="510" ind1="0" ind2="2">
    <subfield code="0">2010-2014</subfield>
    <subfield code="3">026404079</subfield>
    <subfield code="5">x|xqx</subfield>
    <subfield code="7">ba0yba0y</subfield>
    <subfield code="a">Université polytechnique Hauts-de-France</subfield>
    <subfield code="c">Valenciennes, Nord</subfield>
    <subfield code="c">1964-....</subfield>
  </datafield>
  <datafield tag="510" ind1="0" ind2="2">
    <subfield code="0">Après le 31 décembre 2014, voir</subfield>
    <subfield code="3">050705253</subfield>
    <subfield code="5">b|xxx</subfield>
    <subfield code="7">ba0yba0y</subfield>
    <subfield code="a">Laboratoire d&apos;automatique, de mécanique et d&apos;informatique industrielles et humaines</subfield>
    <subfield code="c">Valenciennes, Nord</subfield>
    <subfield code="c">1994-....</subfield>
  </datafield>
  <datafield tag="801" ind1=" " ind2="3">
    <subfield code="a">FR</subfield>
    <subfield code="b">Abes</subfield>
    <subfield code="c">20190510</subfield>
    <subfield code="g">AFNOR</subfield>
  </datafield>
  <datafield tag="810" ind1=" " ind2=" ">
    <subfield code="a">Internet, http://www.univ-valenciennes.fr/TEMPO, 2012-04-04</subfield>
  </datafield>
  <datafield tag="810" ind1=" " ind2=" ">
    <subfield code="a">Internet, http://appliweb.dgri.education.fr/annuaire/DescUr.jsp?desc=20101989&amp;prov=GeoEntite, 2012-04-04</subfield>
    <subfield code="b">Laboratoire de thermique, énergétique, mécanique des matériaux, procédés de mise en forme, production</subfield>
  </datafield>
  <datafield tag="910" ind1=" " ind2=" ">
    <subfield code="a">Laboratoire de thermique, écoulement, mécanique, matériaux, mise en forme, production (Valenciennes, Nord ; 2010-2014)</subfield>
  </datafield>
  <datafield tag="911" ind1=" " ind2=" ">
    <subfield code="a">TEMPO (Valenciennes, Nord)</subfield>
  </datafield>
  <datafield tag="911" ind1=" " ind2=" ">
    <subfield code="a">TEMPO (Valenciennes, Nord). DF2T</subfield>
  </datafield>
  <datafield tag="911" ind1=" " ind2=" ">
    <subfield code="a">TEMPO (Valenciennes, Nord). MSM</subfield>
  </datafield>
  <datafield tag="911" ind1=" " ind2=" ">
    <subfield code="a">TEMPO (Valenciennes, Nord). PSI</subfield>
  </datafield>
  <datafield tag="911" ind1=" " ind2=" ">
    <subfield code="a">Laboratoire de thermique, écoulement, mécanique, matériaux, mise en forme, production (Valenciennes, Nord). Equipe dynamique des fluides et transferts thermiques</subfield>
  </datafield>
  <datafield tag="911" ind1=" " ind2=" ">
    <subfield code="a">Laboratoire de thermique, écoulement, mécanique, matériaux, mise en forme, production (Valenciennes, Nord). Equipe matériaux, surfaces et mise en forme</subfield>
  </datafield>
  <datafield tag="911" ind1=" " ind2=" ">
    <subfield code="a">Laboratoire de thermique, écoulement, mécanique, matériaux, mise en forme, production (Valenciennes, Nord). Equipe production, services, informations</subfield>
  </datafield>
  <datafield tag="911" ind1=" " ind2=" ">
    <subfield code="a">Université de Valenciennes et du Hainaut-Cambrésis. Laboratoire de thermique, écoulement, mécanique, matériaux, mise en forme, production</subfield>
  </datafield>
  <datafield tag="911" ind1=" " ind2=" ">
    <subfield code="a">Laboratoire de thermique, énergétique, mécanique des matériaux, procédés de mise en forme, production (Valenciennes, Nord)</subfield>
  </datafield>
  <datafield tag="911" ind1=" " ind2=" ">
    <subfield code="a">Laboratoire de thermique, écoulement, mécanique, matériaux, mise en fonction, production (Valenciennes, Nord)</subfield>
  </datafield>
  <datafield tag="911" ind1=" " ind2=" ">
    <subfield code="a">CNRS (France). EA 4542 (Valenciennes, Nord)</subfield>
  </datafield>
  <datafield tag="911" ind1=" " ind2=" ">
    <subfield code="a">Centre national de la recherche scientifique (France). Equipe d&apos;accueil 4542 (Valenciennes, Nord)</subfield>
  </datafield>
  <datafield tag="911" ind1=" " ind2=" ">
    <subfield code="a">UVHC. TEMPO (Valenciennes, Nord)</subfield>
  </datafield>
  <datafield tag="911" ind1=" " ind2=" ">
    <subfield code="a">UPHF. TEMPO (Valenciennes, Nord)</subfield>
  </datafield>
  <datafield tag="911" ind1=" " ind2=" ">
    <subfield code="a">Université de Valenciennes et du Hainaut-Cambrésis. Laboratoire de thermique, écoulement, mécanique, matériaux, mise en forme, production</subfield>
  </datafield>
  <datafield tag="911" ind1=" " ind2=" ">
    <subfield code="a">Université polytechnique Hauts-de-France (Valenciennes, Nord). Laboratoire de thermique, écoulement, mécanique, matériaux, mise en forme, production</subfield>
  </datafield>
</record>