


<record>
  <leader>     nx  b22     3  45  </leader>
  <controlfield tag="001">19712237X</controlfield>
  <controlfield tag="003">http://www.idref.fr/19712237X</controlfield>
  <controlfield tag="004">20161214</controlfield>
  <controlfield tag="005">20161214115125.000</controlfield>
  <controlfield tag="006">372612204</controlfield>
  <controlfield tag="007">372612204</controlfield>
  <controlfield tag="008">Tb5</controlfield>
  <datafield tag="100" ind1=" " ind2=" ">
    <subfield code="a">20161214afrey50      ba0</subfield>
  </datafield>
  <datafield tag="102" ind1=" " ind2=" ">
    <subfield code="a">XX</subfield>
  </datafield>
  <datafield tag="103" ind1=" " ind2=" ">
    <subfield code="a"> 19..     </subfield>
  </datafield>
  <datafield tag="106" ind1=" " ind2=" ">
    <subfield code="a">0</subfield>
    <subfield code="b">1</subfield>
    <subfield code="c">0</subfield>
  </datafield>
  <datafield tag="150" ind1=" " ind2=" ">
    <subfield code="a">y</subfield>
  </datafield>
  <datafield tag="152" ind1=" " ind2=" ">
    <subfield code="a">AFNOR</subfield>
  </datafield>
  <datafield tag="210" ind1="0" ind2=" ">
    <subfield code="7">ba0yba0y</subfield>
    <subfield code="a">Stan Getz Quintet</subfield>
  </datafield>
  <datafield tag="300" ind1="0" ind2=" ">
    <subfield code="7">ba0yba0y</subfield>
    <subfield code="a">Ensemble de jazz</subfield>
  </datafield>
  <datafield tag="801" ind1=" " ind2="3">
    <subfield code="a">FR</subfield>
    <subfield code="b">Abes</subfield>
    <subfield code="c">20161214</subfield>
    <subfield code="g">AFNOR</subfield>
  </datafield>
  <datafield tag="810" ind1=" " ind2=" ">
    <subfield code="a">Made in France / Jazz magazine</subfield>
  </datafield>
  <datafield tag="910" ind1=" " ind2=" ">
    <subfield code="a">Stan Getz Quintet</subfield>
  </datafield>
</record>