


<record>
  <leader>     cx  a22     3  45  </leader>
  <controlfield tag="001">026685248</controlfield>
  <controlfield tag="003">http://www.idref.fr/026685248</controlfield>
  <controlfield tag="004">19790316</controlfield>
  <controlfield tag="005">20160830121210.000</controlfield>
  <controlfield tag="006">0004</controlfield>
  <controlfield tag="007">4994</controlfield>
  <controlfield tag="008">Tp5</controlfield>
  <datafield tag="010" ind1=" " ind2=" ">
    <subfield code="a">0000000114621420</subfield>
    <subfield code="2">BNF</subfield>
    <subfield code="d">20150918</subfield>
  </datafield>
  <datafield tag="033" ind1=" " ind2=" ">
    <subfield code="a">http://catalogue.bnf.fr/ark:/12148/cb13890741b</subfield>
    <subfield code="2">BNF</subfield>
    <subfield code="d">20150918</subfield>
  </datafield>
  <datafield tag="035" ind1=" " ind2=" ">
    <subfield code="a">FRBNF131737968</subfield>
    <subfield code="z">FRBNF13173796</subfield>
  </datafield>
  <datafield tag="035" ind1=" " ind2=" ">
    <subfield code="a">frBN013526018</subfield>
  </datafield>
  <datafield tag="035" ind1=" " ind2=" ">
    <subfield code="a">frBN000396717</subfield>
  </datafield>
  <datafield tag="035" ind1=" " ind2=" ">
    <subfield code="a">FRBNF138907412</subfield>
    <subfield code="z">FRBNF13890741</subfield>
  </datafield>
  <datafield tag="100" ind1=" " ind2=" ">
    <subfield code="a">19790316afrey50      ba0</subfield>
  </datafield>
  <datafield tag="101" ind1=" " ind2=" ">
    <subfield code="a">fre</subfield>
  </datafield>
  <datafield tag="102" ind1=" " ind2=" ">
    <subfield code="a">FR</subfield>
  </datafield>
  <datafield tag="103" ind1=" " ind2=" ">
    <subfield code="a"> 1936     </subfield>
  </datafield>
  <datafield tag="106" ind1=" " ind2=" ">
    <subfield code="a">0</subfield>
    <subfield code="b">1</subfield>
    <subfield code="c">0</subfield>
  </datafield>
  <datafield tag="120" ind1=" " ind2=" ">
    <subfield code="a">ba</subfield>
  </datafield>
  <datafield tag="152" ind1=" " ind2=" ">
    <subfield code="a">AFNOR</subfield>
  </datafield>
  <datafield tag="200" ind1=" " ind2="1">
    <subfield code="7">ba0yba0y</subfield>
    <subfield code="9">0</subfield>
    <subfield code="a">Amy</subfield>
    <subfield code="b">Gilbert</subfield>
    <subfield code="f">1936-....</subfield>
  </datafield>
  <datafield tag="300" ind1="0" ind2=" ">
    <subfield code="7">ba0yba0y</subfield>
    <subfield code="a">Compositeur et chef d&apos;orchestre. Né en 1936 à Paris, Gilbert Amy obtient à la fin de ses études secondaires le premier prix au Concours général de philosophie. Il décide alors de s&apos;orienter définitivement vers la musique et entre au Conservatoire de Paris où il sera l&apos;élève de Simone Plé-Caussade, Henriette Puig-Roger, Darius Milhaud et Olivier Messiaen. Quelques années plus tard, il fait la connaissance de Pierre Boulez qui lui commande Mouvements, partition jouée au Domaine musical en 1958. Dès lors ses oeuvres seront exécutées dans tous les hauts lieux de la création musicale : Donaueschingen, Darmstadt, Venise, Royan, Berlin, Varsovie... C&apos;est en 1967, à l&apos;âge de 31 ans, qu&apos;il succède à Pierre Boulez à la direction des concerts du Domaine musical, et ce jusqu&apos;au début de 1974, date à laquelle cesseront les activités de l&apos;ensemble. Parallèlement, Gilbert Amy a poursuivi une carrière de chef d&apos;orchestre en France et à l&apos;étranger, dirigeant un répertoire très étendu. Citons, parmi les orchestres qu&apos;il a dirigés, l&apos;Orchestre de Paris, l&apos;Orchestre national de France, l&apos;Orchestre de l&apos;Opéra de Paris, l&apos;Orchestre symphonique de la BBC, l&apos;Orchestre de la radio de Hambourg, l&apos;Orchestre de la radio Bavaroise, l&apos;Orchestre de Chicago, l&apos;Orchestre de la Suisse romande... En 1976, Gilbert Amy fonde le Nouvel orchestre philharmonique de Radio-France, dont il sera le premier chef d&apos;orchestre et le directeur artistique jusqu&apos;en 1981. Il assure avec cette formation près de cent concerts et enregistrements, ainsi que plusieurs tournées en France et à l&apos;étranger. Citons, parmi les activités pédagogiques entreprises à l&apos;époque, la session de direction d&apos;orchestre du centre Acanthes en 1979 avec György Ligeti. En 1982, il enseigne la composition et l&apos;analyse musicale à l&apos;université américaine de Yale. Il a été directeur du Conservatoire national supérieur de musique de Lyon de 1984 à 2000. Malgré toutes ces activités d’interprète , de directeur artistique et de pédagogue , Gilbert Amy a composé sans discontinuer depuis le milieu des années 50. Dans un catalogue riche en pièces instrumentales, de chambre et pour ensembles, la voix et le texte occupent une place toute particulière,depuis « Œil de fumée » en 1956 jusqu’à son opéra Le Premier Cercle, quarante ans plus tard. Mais l’orchestre a été également au centre de sa réflexion sur le son et l’espace organisés, réflexion qu’il n’a cessé d’ approfondir jusqu’à Orchestrahl, l’une des ses œuvres les plus ambitieuses. Gilbert Amy a reçu en 1979 le Grand Prix national de la musique, en 1983 le Grand Prix de la Sacem, en 1986 le Grand Prix Musical de la Ville de Paris, en 1987 le Prix du Disque de l&apos;Académie Charles-Cros et le Prix de la Critique Musicale pour la Missa cum jubilo (1988). Il a également reçu, en 2004, le Prix Cino del Duca pour l&apos;ensemble de son oeuvre. Son opéra Le Premier Cercle, créé à l’Opéra National de Lyon en 1999, a été salué par la critique comme un évènement marquant de la création lyrique en France dans les dix dernières années.</subfield>
  </datafield>
  <datafield tag="801" ind1=" " ind2="3">
    <subfield code="a">FR</subfield>
    <subfield code="b">Abes</subfield>
    <subfield code="c">20160830</subfield>
    <subfield code="g">AFNOR</subfield>
  </datafield>
  <datafield tag="810" ind1=" " ind2=" ">
    <subfield code="a">Les Mal entendus / [Amy, Boucourechliev, Donatoni, Eloy], 1978</subfield>
  </datafield>
  <datafield tag="810" ind1=" " ind2=" ">
    <subfield code="a">Internet : http://www.gilbertamy.fr/. Consulté le 28 juin 2011</subfield>
  </datafield>
  <datafield tag="900" ind1=" " ind2=" ">
    <subfield code="a">Amy, Gilbert (1936-....)</subfield>
  </datafield>
</record>