


<record>
  <leader>     cx  a22     3  45  </leader>
  <controlfield tag="001">026689073</controlfield>
  <controlfield tag="003">http://www.idref.fr/026689073</controlfield>
  <controlfield tag="004">19741224</controlfield>
  <controlfield tag="005">20190507033242.000</controlfield>
  <controlfield tag="006">0004</controlfield>
  <controlfield tag="007">4994</controlfield>
  <controlfield tag="008">Tp5</controlfield>
  <datafield tag="010" ind1=" " ind2=" ">
    <subfield code="a">0000000120955515</subfield>
    <subfield code="2">BNF</subfield>
    <subfield code="d">20190507</subfield>
  </datafield>
  <datafield tag="033" ind1=" " ind2=" ">
    <subfield code="a">http://catalogue.bnf.fr/ark:/12148/cb119347816</subfield>
    <subfield code="2">BNF</subfield>
    <subfield code="d">20150918</subfield>
  </datafield>
  <datafield tag="035" ind1=" " ind2=" ">
    <subfield code="a">027269639</subfield>
    <subfield code="9">sudoc</subfield>
  </datafield>
  <datafield tag="035" ind1=" " ind2=" ">
    <subfield code="a">frBN000404256</subfield>
  </datafield>
  <datafield tag="035" ind1=" " ind2=" ">
    <subfield code="a">frBN001561919</subfield>
  </datafield>
  <datafield tag="035" ind1=" " ind2=" ">
    <subfield code="a">FRBNF119347813</subfield>
    <subfield code="z">FRBNF11934781</subfield>
  </datafield>
  <datafield tag="100" ind1=" " ind2=" ">
    <subfield code="a">19741224afrey50      ba0</subfield>
  </datafield>
  <datafield tag="101" ind1=" " ind2=" ">
    <subfield code="a">fre</subfield>
  </datafield>
  <datafield tag="102" ind1=" " ind2=" ">
    <subfield code="a">FR</subfield>
  </datafield>
  <datafield tag="103" ind1=" " ind2=" ">
    <subfield code="a"> 18971003 </subfield>
    <subfield code="b"> 19821224 </subfield>
  </datafield>
  <datafield tag="106" ind1=" " ind2=" ">
    <subfield code="a">0</subfield>
    <subfield code="b">1</subfield>
    <subfield code="c">0</subfield>
  </datafield>
  <datafield tag="120" ind1=" " ind2=" ">
    <subfield code="a">ba</subfield>
  </datafield>
  <datafield tag="152" ind1=" " ind2=" ">
    <subfield code="a">AFNOR</subfield>
  </datafield>
  <datafield tag="200" ind1=" " ind2="1">
    <subfield code="7">ba0yba0y</subfield>
    <subfield code="9">0</subfield>
    <subfield code="a">Aragon</subfield>
    <subfield code="b">Louis</subfield>
    <subfield code="f">1897-1982</subfield>
  </datafield>
  <datafield tag="340" ind1=" " ind2=" ">
    <subfield code="7">ba0yba0y</subfield>
    <subfield code="a">Écrivain français. A traduit de l&apos;anglais, de l&apos;italien et du russe en français</subfield>
  </datafield>
  <datafield tag="340" ind1=" " ind2=" ">
    <subfield code="7">ba0yba0y</subfield>
    <subfield code="a">Sous la clandestinité, de 1940 à 1944, a écrit sous les pseudonymes &quot;François la Colère&quot;, &quot;Jacques Destaing&quot;, &quot;Arnaud de Saint-Roman&quot; et &quot;le Témoin des martyrs</subfield>
  </datafield>
  <datafield tag="400" ind1=" " ind2="0">
    <subfield code="5">e|xxx</subfield>
    <subfield code="7">ba0yba0y</subfield>
    <subfield code="9">#</subfield>
    <subfield code="a">François la Colère</subfield>
  </datafield>
  <datafield tag="400" ind1=" " ind2="1">
    <subfield code="5">e|xxx</subfield>
    <subfield code="7">ba0yba0y</subfield>
    <subfield code="9">#</subfield>
    <subfield code="a">Destaing</subfield>
    <subfield code="b">Jacques</subfield>
  </datafield>
  <datafield tag="400" ind1=" " ind2="1">
    <subfield code="5">e|xxx</subfield>
    <subfield code="7">ba0yba0y</subfield>
    <subfield code="9">#</subfield>
    <subfield code="a">Saint-Roman</subfield>
    <subfield code="b">Arnaud de</subfield>
  </datafield>
  <datafield tag="400" ind1=" " ind2="1">
    <subfield code="5">e|xxx</subfield>
    <subfield code="7">ba0yba0y</subfield>
    <subfield code="9">#</subfield>
    <subfield code="a">Témoin des martyrs</subfield>
    <subfield code="b">Le</subfield>
  </datafield>
  <datafield tag="400" ind1=" " ind2="0">
    <subfield code="5">e|xxx</subfield>
    <subfield code="7">ba0yba0y</subfield>
    <subfield code="9">#</subfield>
    <subfield code="a">Saint Romain Arnaud</subfield>
  </datafield>
  <datafield tag="400" ind1=" " ind2="1">
    <subfield code="5">e|xxx</subfield>
    <subfield code="7">ba0yba0y</subfield>
    <subfield code="9">#</subfield>
    <subfield code="a">Saint Romain</subfield>
    <subfield code="b">Arnaud</subfield>
  </datafield>
  <datafield tag="400" ind1=" " ind2="1">
    <subfield code="6">a01</subfield>
    <subfield code="7">ba0yca0e</subfield>
    <subfield code="8">frerus</subfield>
    <subfield code="9">#</subfield>
    <subfield code="a">Арагон</subfield>
    <subfield code="b">Луи</subfield>
  </datafield>
  <datafield tag="400" ind1=" " ind2="1">
    <subfield code="6">a01</subfield>
    <subfield code="7">ba0yba0a</subfield>
    <subfield code="8">frefre</subfield>
    <subfield code="9">#</subfield>
    <subfield code="a">Aragon</subfield>
    <subfield code="b">Lui</subfield>
  </datafield>
  <datafield tag="500" ind1=" " ind2=" ">
    <subfield code="3">027113310</subfield>
    <subfield code="7">ba0yba0y</subfield>
    <subfield code="a">Routisie</subfield>
    <subfield code="b">Albert de</subfield>
    <subfield code="f">1897-1982</subfield>
  </datafield>
  <datafield tag="801" ind1=" " ind2="3">
    <subfield code="a">FR</subfield>
    <subfield code="b">Abes</subfield>
    <subfield code="c">20190507</subfield>
    <subfield code="g">AFNOR</subfield>
    <subfield code="h">027269639</subfield>
  </datafield>
  <datafield tag="810" ind1=" " ind2=" ">
    <subfield code="a">Celui qui dit les choses sans rien dire / Aragon, 1975</subfield>
  </datafield>
  <datafield tag="810" ind1=" " ind2=" ">
    <subfield code="a">WW, France 1977-1978 et 1983-1984. Coston. Dictionnaire universel des traducteurs / Henri Van Hoof, 1993</subfield>
  </datafield>
  <datafield tag="900" ind1=" " ind2=" ">
    <subfield code="a">Aragon, Louis (1897-1982)</subfield>
  </datafield>
  <datafield tag="901" ind1=" " ind2=" ">
    <subfield code="a">François la Colère</subfield>
  </datafield>
  <datafield tag="901" ind1=" " ind2=" ">
    <subfield code="a">Destaing, Jacques</subfield>
  </datafield>
  <datafield tag="901" ind1=" " ind2=" ">
    <subfield code="a">Saint-Roman, Arnaud de</subfield>
  </datafield>
  <datafield tag="901" ind1=" " ind2=" ">
    <subfield code="a">Témoin des martyrs, Le</subfield>
  </datafield>
  <datafield tag="901" ind1=" " ind2=" ">
    <subfield code="a">Saint Romain Arnaud</subfield>
  </datafield>
  <datafield tag="901" ind1=" " ind2=" ">
    <subfield code="a">Saint Romain, Arnaud</subfield>
  </datafield>
  <datafield tag="901" ind1=" " ind2=" ">
    <subfield code="6">01</subfield>
    <subfield code="7">ca</subfield>
    <subfield code="a">Арагон, Луи</subfield>
  </datafield>
  <datafield tag="901" ind1=" " ind2=" ">
    <subfield code="6">01</subfield>
    <subfield code="7">ba</subfield>
    <subfield code="a">Aragon, Lui</subfield>
  </datafield>
</record>