


<record>
  <leader>     cx  a22     3  45  </leader>
  <controlfield tag="001">026859297</controlfield>
  <controlfield tag="003">http://www.idref.fr/026859297</controlfield>
  <controlfield tag="004">19801208</controlfield>
  <controlfield tag="005">20190408122718.000</controlfield>
  <controlfield tag="006">0004</controlfield>
  <controlfield tag="007">341720001</controlfield>
  <controlfield tag="008">Tp5</controlfield>
  <datafield tag="010" ind1=" " ind2=" ">
    <subfield code="a">0000000121000243</subfield>
    <subfield code="2">BNF</subfield>
    <subfield code="d">20150918</subfield>
  </datafield>
  <datafield tag="033" ind1=" " ind2=" ">
    <subfield code="a">http://catalogue.bnf.fr/ark:/12148/cb11902353r</subfield>
    <subfield code="2">BNF</subfield>
    <subfield code="d">20150918</subfield>
  </datafield>
  <datafield tag="035" ind1=" " ind2=" ">
    <subfield code="a">027304434</subfield>
    <subfield code="9">sudoc</subfield>
  </datafield>
  <datafield tag="035" ind1=" " ind2=" ">
    <subfield code="a">frBN000753336</subfield>
  </datafield>
  <datafield tag="035" ind1=" " ind2=" ">
    <subfield code="a">frBN001597000</subfield>
  </datafield>
  <datafield tag="035" ind1=" " ind2=" ">
    <subfield code="a">FRBNF119023537</subfield>
    <subfield code="z">FRBNF11902353</subfield>
  </datafield>
  <datafield tag="035" ind1=" " ind2=" ">
    <subfield code="a">1256</subfield>
    <subfield code="2">PRELIB</subfield>
    <subfield code="d">20190408</subfield>
  </datafield>
  <datafield tag="100" ind1=" " ind2=" ">
    <subfield code="a">19801208afrey50      ba0</subfield>
  </datafield>
  <datafield tag="101" ind1=" " ind2=" ">
    <subfield code="a">fre</subfield>
  </datafield>
  <datafield tag="102" ind1=" " ind2=" ">
    <subfield code="a">FR</subfield>
  </datafield>
  <datafield tag="103" ind1=" " ind2=" ">
    <subfield code="a"> 18450512 </subfield>
    <subfield code="b"> 19241104 </subfield>
  </datafield>
  <datafield tag="106" ind1=" " ind2=" ">
    <subfield code="a">0</subfield>
    <subfield code="b">1</subfield>
    <subfield code="c">0</subfield>
  </datafield>
  <datafield tag="120" ind1=" " ind2=" ">
    <subfield code="a">ba</subfield>
  </datafield>
  <datafield tag="152" ind1=" " ind2=" ">
    <subfield code="a">AFNOR</subfield>
  </datafield>
  <datafield tag="200" ind1=" " ind2="1">
    <subfield code="7">ba0yba0y</subfield>
    <subfield code="8">frefre</subfield>
    <subfield code="9">0</subfield>
    <subfield code="a">Fauré</subfield>
    <subfield code="b">Gabriel</subfield>
    <subfield code="f">1845-1924</subfield>
  </datafield>
  <datafield tag="340" ind1=" " ind2=" ">
    <subfield code="7">ba0yba0y</subfield>
    <subfield code="a">Compositeur et organiste. Directeur du Conservatoire de musique de Paris. Père d&apos;Emmanuel Fauré-Fremiet (1883-1971)</subfield>
  </datafield>
  <datafield tag="400" ind1=" " ind2="1">
    <subfield code="7">ba0yba0y</subfield>
    <subfield code="8">frefre</subfield>
    <subfield code="9">#</subfield>
    <subfield code="a">Fauré</subfield>
    <subfield code="b">Gabriel-Urbain</subfield>
  </datafield>
  <datafield tag="500" ind1=" " ind2="1">
    <subfield code="0">Père de</subfield>
    <subfield code="3">031708579</subfield>
    <subfield code="7">ba0yba0y</subfield>
    <subfield code="a">Fauré-Fremiet</subfield>
    <subfield code="b">Emmanuel</subfield>
    <subfield code="f">1883-1971</subfield>
  </datafield>
  <datafield tag="801" ind1=" " ind2="3">
    <subfield code="a">FR</subfield>
    <subfield code="b">Abes</subfield>
    <subfield code="c">20190408</subfield>
    <subfield code="g">AFNOR</subfield>
    <subfield code="h">027304434</subfield>
  </datafield>
  <datafield tag="810" ind1=" " ind2=" ">
    <subfield code="a">Correspondance / Gabriel Fauré ; textes réunis, présentés et annotés par Jean-Michel Nectoux, 1980</subfield>
  </datafield>
  <datafield tag="810" ind1=" " ind2=" ">
    <subfield code="a">Laffont Bompiani, Auteurs</subfield>
  </datafield>
  <datafield tag="810" ind1=" " ind2=" ">
    <subfield code="a">Internet, http://opera.stanford.edu/composers/,  25-08-2004</subfield>
    <subfield code="b">Compositeur, Fauré, Gabriel(-Urbain) (12.5.1845 Pamier, Ariège - 4.11.1924 Paris)</subfield>
  </datafield>
  <datafield tag="900" ind1=" " ind2=" ">
    <subfield code="a">Fauré, Gabriel (1845-1924)</subfield>
  </datafield>
  <datafield tag="901" ind1=" " ind2=" ">
    <subfield code="a">Fauré, Gabriel-Urbain</subfield>
  </datafield>
</record>