


<record>
  <leader>     cx  a22     3  45  </leader>
  <controlfield tag="001">026866552</controlfield>
  <controlfield tag="003">http://www.idref.fr/026866552</controlfield>
  <controlfield tag="004">19750103</controlfield>
  <controlfield tag="005">20180717130816.000</controlfield>
  <controlfield tag="006">0004</controlfield>
  <controlfield tag="007">590092102</controlfield>
  <controlfield tag="008">Tp5</controlfield>
  <datafield tag="010" ind1=" " ind2=" ">
    <subfield code="a">0000000122762442</subfield>
    <subfield code="2">BNF</subfield>
    <subfield code="d">20150918</subfield>
  </datafield>
  <datafield tag="033" ind1=" " ind2=" ">
    <subfield code="a">http://catalogue.bnf.fr/ark:/12148/cb11902894q</subfield>
    <subfield code="2">BNF</subfield>
    <subfield code="d">20150918</subfield>
  </datafield>
  <datafield tag="035" ind1=" " ind2=" ">
    <subfield code="a">028202279</subfield>
    <subfield code="9">sudoc</subfield>
  </datafield>
  <datafield tag="035" ind1=" " ind2=" ">
    <subfield code="a">frBN002481504</subfield>
  </datafield>
  <datafield tag="035" ind1=" " ind2=" ">
    <subfield code="a">frBN000767065</subfield>
  </datafield>
  <datafield tag="035" ind1=" " ind2=" ">
    <subfield code="a">FRBNF119028947</subfield>
    <subfield code="z">FRBNF11902894</subfield>
  </datafield>
  <datafield tag="100" ind1=" " ind2=" ">
    <subfield code="a">19750103afrey50      ba0</subfield>
  </datafield>
  <datafield tag="101" ind1=" " ind2=" ">
    <subfield code="a">fre</subfield>
  </datafield>
  <datafield tag="102" ind1=" " ind2=" ">
    <subfield code="a">FR</subfield>
  </datafield>
  <datafield tag="103" ind1=" " ind2=" ">
    <subfield code="a"> 18210113 </subfield>
    <subfield code="b"> 18800508 </subfield>
  </datafield>
  <datafield tag="106" ind1=" " ind2=" ">
    <subfield code="a">0</subfield>
    <subfield code="b">1</subfield>
    <subfield code="c">0</subfield>
  </datafield>
  <datafield tag="120" ind1=" " ind2=" ">
    <subfield code="a">ba</subfield>
  </datafield>
  <datafield tag="152" ind1=" " ind2=" ">
    <subfield code="a">AFNOR</subfield>
  </datafield>
  <datafield tag="200" ind1=" " ind2="1">
    <subfield code="7">ba0yba0y</subfield>
    <subfield code="8">frefre</subfield>
    <subfield code="9">0</subfield>
    <subfield code="a">Flaubert</subfield>
    <subfield code="b">Gustave</subfield>
    <subfield code="f">1821-1880</subfield>
  </datafield>
  <datafield tag="340" ind1=" " ind2=" ">
    <subfield code="7">ba0yba0y</subfield>
    <subfield code="a">Écrivain français</subfield>
  </datafield>
  <datafield tag="700" ind1=" " ind2="1">
    <subfield code="6">a02</subfield>
    <subfield code="7">ba0yga0y</subfield>
    <subfield code="8">fregre</subfield>
    <subfield code="9">#</subfield>
    <subfield code="a">Φλωμπέρ</subfield>
    <subfield code="b">Γούσταυος</subfield>
    <subfield code="f">1821-1880</subfield>
  </datafield>
  <datafield tag="700" ind1=" " ind2="1">
    <subfield code="6">a02</subfield>
    <subfield code="7">ba0yba0y</subfield>
    <subfield code="8">fregre</subfield>
    <subfield code="9">#</subfield>
    <subfield code="a">Flōmpér</subfield>
    <subfield code="b">Goústauos</subfield>
    <subfield code="f">1821-1880</subfield>
  </datafield>
  <datafield tag="700" ind1=" " ind2="1">
    <subfield code="6">a03</subfield>
    <subfield code="7">ba0yfa1y</subfield>
    <subfield code="8">freara</subfield>
    <subfield code="9">#</subfield>
    <subfield code="a">فلوبير</subfield>
    <subfield code="b">غوستاف</subfield>
    <subfield code="f">1821-1880</subfield>
  </datafield>
  <datafield tag="700" ind1=" " ind2="1">
    <subfield code="6">a03</subfield>
    <subfield code="7">ba0yba0y</subfield>
    <subfield code="8">freara</subfield>
    <subfield code="9">#</subfield>
    <subfield code="a">flwbyr</subfield>
    <subfield code="b">gẖwstạf</subfield>
    <subfield code="f">1821-1880</subfield>
  </datafield>
  <datafield tag="700" ind1=" " ind2="1">
    <subfield code="6">a04</subfield>
    <subfield code="7">ba0yea0y</subfield>
    <subfield code="8">frechi</subfield>
    <subfield code="9">#</subfield>
    <subfield code="a">福楼拜</subfield>
    <subfield code="b">古斯塔夫</subfield>
    <subfield code="f">1821-1880</subfield>
  </datafield>
  <datafield tag="700" ind1=" " ind2="1">
    <subfield code="6">a04</subfield>
    <subfield code="7">ba0yba0y</subfield>
    <subfield code="8">frechi</subfield>
    <subfield code="9">#</subfield>
    <subfield code="a">fú lóu bài</subfield>
    <subfield code="b">gǔ sī tǎ fu</subfield>
    <subfield code="f">1821-1880</subfield>
  </datafield>
  <datafield tag="700" ind1=" " ind2="1">
    <subfield code="6">a05</subfield>
    <subfield code="7">ba0yca0y</subfield>
    <subfield code="8">frerus</subfield>
    <subfield code="9">#</subfield>
    <subfield code="a">Флобер</subfield>
    <subfield code="b">Гюстав</subfield>
    <subfield code="f">1821-1880</subfield>
  </datafield>
  <datafield tag="700" ind1=" " ind2="1">
    <subfield code="6">a05</subfield>
    <subfield code="7">ba0yba0y</subfield>
    <subfield code="8">frerus</subfield>
    <subfield code="9">#</subfield>
    <subfield code="a">Flober</subfield>
    <subfield code="b">Gûstav</subfield>
    <subfield code="f">1821-1880</subfield>
  </datafield>
  <datafield tag="801" ind1=" " ind2="3">
    <subfield code="a">FR</subfield>
    <subfield code="b">Abes</subfield>
    <subfield code="c">20180717</subfield>
    <subfield code="g">AFNOR</subfield>
    <subfield code="h">028202279</subfield>
  </datafield>
  <datafield tag="810" ind1=" " ind2=" ">
    <subfield code="a">GDEL. DBF</subfield>
  </datafield>
  <datafield tag="810" ind1=" " ind2=" ">
    <subfield code="a">Par les champs et par les grèves / Gustave Flaubert, Maxime Du Camp, 1987</subfield>
  </datafield>
  <datafield tag="810" ind1=" " ind2=" ">
    <subfield code="a">BN Cat. gén.</subfield>
  </datafield>
  <datafield tag="810" ind1=" " ind2=" ">
    <subfield code="a">Salammbô / Gustave Flaubert ; roman abrégé par Bernard Noël ; ill. de Georges Rochegrosse, 1983</subfield>
  </datafield>
  <datafield tag="810" ind1=" " ind2=" ">
    <subfield code="a">La légende de Saint Julien L&apos;hospitalier / Gustave Flaubert ; ill. de Philippe Dumas, 1986</subfield>
  </datafield>
  <datafield tag="810" ind1=" " ind2=" ">
    <subfield code="a">Un coeur simple / Gustave Flaubert ; ill. de Philippe Dumas, 1986</subfield>
  </datafield>
  <datafield tag="810" ind1=" " ind2=" ">
    <subfield code="a">包法利夫人 = Madame Bovary : 权威全译典藏版 / (法)居斯塔夫·福楼拜(Gustave, Flaubert)著 ; 张放译. - 第1版. - 长沙 : 湖南文艺出版社, 2012</subfield>
    <subfield code="b">居斯塔夫·福楼拜</subfield>
  </datafield>
  <datafield tag="810" ind1=" " ind2=" ">
    <subfield code="a">Госпожа Бовари / Гюстав Флобер, 2013</subfield>
    <subfield code="b">Гюстав Флобер</subfield>
  </datafield>
  <datafield tag="810" ind1=" " ind2=" ">
    <subfield code="a">مدام بوفاري / غوستاف فلوبير, 2015</subfield>
    <subfield code="b">غوستاف فلوبير</subfield>
  </datafield>
  <datafield tag="900" ind1=" " ind2=" ">
    <subfield code="a">Flaubert, Gustave (1821-1880)</subfield>
  </datafield>
  <datafield tag="902" ind1=" " ind2=" ">
    <subfield code="6">02</subfield>
    <subfield code="7">ga</subfield>
    <subfield code="a">Φλωμπέρ, Γούσταυος (1821-1880)</subfield>
  </datafield>
  <datafield tag="902" ind1=" " ind2=" ">
    <subfield code="6">02</subfield>
    <subfield code="7">ba</subfield>
    <subfield code="a">Flōmpér, Goústauos (1821-1880)</subfield>
  </datafield>
  <datafield tag="902" ind1=" " ind2=" ">
    <subfield code="6">03</subfield>
    <subfield code="7">fa</subfield>
    <subfield code="a">فلوبير, غوستاف (1821-1880)</subfield>
  </datafield>
  <datafield tag="902" ind1=" " ind2=" ">
    <subfield code="6">03</subfield>
    <subfield code="7">ba</subfield>
    <subfield code="a">flwbyr, gẖwstạf (1821-1880)</subfield>
  </datafield>
  <datafield tag="902" ind1=" " ind2=" ">
    <subfield code="6">04</subfield>
    <subfield code="7">ea</subfield>
    <subfield code="a">福楼拜, 古斯塔夫 (1821-1880)</subfield>
  </datafield>
  <datafield tag="902" ind1=" " ind2=" ">
    <subfield code="6">04</subfield>
    <subfield code="7">ba</subfield>
    <subfield code="a">fú lóu bài, gǔ sī tǎ fu (1821-1880)</subfield>
  </datafield>
  <datafield tag="902" ind1=" " ind2=" ">
    <subfield code="6">05</subfield>
    <subfield code="7">ca</subfield>
    <subfield code="a">Флобер, Гюстав (1821-1880)</subfield>
  </datafield>
  <datafield tag="902" ind1=" " ind2=" ">
    <subfield code="6">05</subfield>
    <subfield code="7">ba</subfield>
    <subfield code="a">Flober, Gûstav (1821-1880)</subfield>
  </datafield>
</record>