


<record>
  <leader>     cx  a22     3  45  </leader>
  <controlfield tag="001">026870290</controlfield>
  <controlfield tag="003">http://www.idref.fr/026870290</controlfield>
  <controlfield tag="004">19750326</controlfield>
  <controlfield tag="005">20190305154610.000</controlfield>
  <controlfield tag="006">0004</controlfield>
  <controlfield tag="007">751052314</controlfield>
  <controlfield tag="008">Tp5</controlfield>
  <datafield tag="010" ind1=" " ind2=" ">
    <subfield code="a">000000012146278X</subfield>
    <subfield code="2">BNF</subfield>
    <subfield code="d">20150918</subfield>
  </datafield>
  <datafield tag="033" ind1=" " ind2=" ">
    <subfield code="a">http://catalogue.bnf.fr/ark:/12148/cb11903202t</subfield>
    <subfield code="2">BNF</subfield>
    <subfield code="d">20150918</subfield>
  </datafield>
  <datafield tag="035" ind1=" " ind2=" ">
    <subfield code="a">02737386X</subfield>
    <subfield code="9">sudoc</subfield>
  </datafield>
  <datafield tag="035" ind1=" " ind2=" ">
    <subfield code="a">057410011</subfield>
    <subfield code="9">sudoc</subfield>
  </datafield>
  <datafield tag="035" ind1=" " ind2=" ">
    <subfield code="a">frBN001668127</subfield>
  </datafield>
  <datafield tag="035" ind1=" " ind2=" ">
    <subfield code="a">frBN000775311</subfield>
  </datafield>
  <datafield tag="035" ind1=" " ind2=" ">
    <subfield code="a">frBN012942750</subfield>
  </datafield>
  <datafield tag="035" ind1=" " ind2=" ">
    <subfield code="a">FRBNF119032027</subfield>
    <subfield code="z">FRBNF11903202</subfield>
  </datafield>
  <datafield tag="100" ind1=" " ind2=" ">
    <subfield code="a">19750326afrey50      ba0</subfield>
  </datafield>
  <datafield tag="101" ind1=" " ind2=" ">
    <subfield code="a">fre</subfield>
  </datafield>
  <datafield tag="102" ind1=" " ind2=" ">
    <subfield code="a">FR</subfield>
  </datafield>
  <datafield tag="103" ind1=" " ind2=" ">
    <subfield code="a"> 19261015 </subfield>
    <subfield code="b"> 19840625 </subfield>
  </datafield>
  <datafield tag="106" ind1=" " ind2=" ">
    <subfield code="a">0</subfield>
    <subfield code="b">1</subfield>
    <subfield code="c">0</subfield>
  </datafield>
  <datafield tag="120" ind1=" " ind2=" ">
    <subfield code="a">ba</subfield>
  </datafield>
  <datafield tag="152" ind1=" " ind2=" ">
    <subfield code="a">AFNOR</subfield>
  </datafield>
  <datafield tag="200" ind1=" " ind2="1">
    <subfield code="7">ba0yba0y</subfield>
    <subfield code="9">0</subfield>
    <subfield code="a">Foucault</subfield>
    <subfield code="b">Michel</subfield>
    <subfield code="f">1926-1984</subfield>
  </datafield>
  <datafield tag="340" ind1=" " ind2=" ">
    <subfield code="7">ba0yba0y</subfield>
    <subfield code="a">Titulaire de la chaire d&apos;Histoire des systèmes de pensée (1970-1984) au Collège de France</subfield>
  </datafield>
  <datafield tag="400" ind1=" " ind2="1">
    <subfield code="5">f|xxx</subfield>
    <subfield code="7">ba0yba0y</subfield>
    <subfield code="9">#</subfield>
    <subfield code="a">Foucault</subfield>
    <subfield code="b">Paul-Michel</subfield>
  </datafield>
  <datafield tag="400" ind1=" " ind2="0">
    <subfield code="6">a01</subfield>
    <subfield code="7">ba0yda0y</subfield>
    <subfield code="9">#</subfield>
    <subfield code="a">ミシェル・フーコー</subfield>
  </datafield>
  <datafield tag="400" ind1=" " ind2="0">
    <subfield code="6">a01</subfield>
    <subfield code="7">ba0yba0y</subfield>
    <subfield code="9">#</subfield>
    <subfield code="a">Misheru Fūkō</subfield>
  </datafield>
  <datafield tag="400" ind1=" " ind2="0">
    <subfield code="6">a02</subfield>
    <subfield code="7">ba0yka0y</subfield>
    <subfield code="9">#</subfield>
    <subfield code="a">미셸 푸코</subfield>
  </datafield>
  <datafield tag="400" ind1=" " ind2="0">
    <subfield code="6">a02</subfield>
    <subfield code="7">ba0yba0y</subfield>
    <subfield code="9">#</subfield>
    <subfield code="a">Mishel P&apos;uk&apos;o</subfield>
  </datafield>
  <datafield tag="801" ind1=" " ind2="3">
    <subfield code="a">FR</subfield>
    <subfield code="b">Abes</subfield>
    <subfield code="c">20190305</subfield>
    <subfield code="g">AFNOR</subfield>
    <subfield code="h">02737386X</subfield>
  </datafield>
  <datafield tag="801" ind1=" " ind2="3">
    <subfield code="a">FR</subfield>
    <subfield code="b">Abes</subfield>
    <subfield code="c">20190305</subfield>
    <subfield code="g">AFNOR</subfield>
    <subfield code="h">057410011</subfield>
  </datafield>
  <datafield tag="810" ind1=" " ind2=" ">
    <subfield code="a">Histoire de la folie à l&apos;âge classique / Michel Foucault, 1976</subfield>
  </datafield>
  <datafield tag="810" ind1=" " ind2=" ">
    <subfield code="a">Foucault va au cinéma / Patrice Maniglier, Dork Zabunyan, 2011</subfield>
  </datafield>
  <datafield tag="810" ind1=" " ind2=" ">
    <subfield code="a">Internet, https://fr.wikipedia.org/wiki/Michel_Foucault (2017-02-07)</subfield>
    <subfield code="b">Paul-Michel Foucault, né le 15 octobre 1926 à Poitiers et mort le 25 juin 1984 à Paris, est un philosophe français dont le travail porte sur les rapports entre pouvoir et savoir. Il fut, entre 1970 et 1984, titulaire d&apos;une chaire au Collège de France, à laquelle il donna pour titre &quot;Histoire des systèmes de pensée&quot;.</subfield>
  </datafield>
  <datafield tag="900" ind1=" " ind2=" ">
    <subfield code="a">Foucault, Michel (1926-1984)</subfield>
  </datafield>
  <datafield tag="901" ind1=" " ind2=" ">
    <subfield code="a">Foucault, Paul-Michel</subfield>
  </datafield>
  <datafield tag="901" ind1=" " ind2=" ">
    <subfield code="6">01</subfield>
    <subfield code="7">da</subfield>
    <subfield code="a">ミシェル・フーコー</subfield>
  </datafield>
  <datafield tag="901" ind1=" " ind2=" ">
    <subfield code="6">01</subfield>
    <subfield code="7">ba</subfield>
    <subfield code="a">Misheru Fūkō</subfield>
  </datafield>
  <datafield tag="901" ind1=" " ind2=" ">
    <subfield code="6">02</subfield>
    <subfield code="7">ka</subfield>
    <subfield code="a">미셸 푸코</subfield>
  </datafield>
  <datafield tag="901" ind1=" " ind2=" ">
    <subfield code="6">02</subfield>
    <subfield code="7">ba</subfield>
    <subfield code="a">Mishel P&apos;uk&apos;o</subfield>
  </datafield>
</record>