


<record>
  <leader>     cx  a22     3  45  </leader>
  <controlfield tag="001">026893061</controlfield>
  <controlfield tag="003">http://www.idref.fr/026893061</controlfield>
  <controlfield tag="004">19741224</controlfield>
  <controlfield tag="005">20150929110924.000</controlfield>
  <controlfield tag="006">0004</controlfield>
  <controlfield tag="007">4994</controlfield>
  <controlfield tag="008">Tp5</controlfield>
  <datafield tag="033" ind1=" " ind2=" ">
    <subfield code="a">http://catalogue.bnf.fr/ark:/12148/cb119050660</subfield>
    <subfield code="2">BNF</subfield>
    <subfield code="d">20150918</subfield>
  </datafield>
  <datafield tag="035" ind1=" " ind2=" ">
    <subfield code="a">034605282</subfield>
    <subfield code="9">sudoc</subfield>
  </datafield>
  <datafield tag="035" ind1=" " ind2=" ">
    <subfield code="a">frBN012830146</subfield>
  </datafield>
  <datafield tag="035" ind1=" " ind2=" ">
    <subfield code="a">frBN000823891</subfield>
  </datafield>
  <datafield tag="035" ind1=" " ind2=" ">
    <subfield code="a">FRBNF119050662</subfield>
    <subfield code="z">FRBNF11905066</subfield>
  </datafield>
  <datafield tag="100" ind1=" " ind2=" ">
    <subfield code="a">19741224afrey50      ba0</subfield>
  </datafield>
  <datafield tag="101" ind1=" " ind2=" ">
    <subfield code="a">fre</subfield>
  </datafield>
  <datafield tag="102" ind1=" " ind2=" ">
    <subfield code="a">FR</subfield>
  </datafield>
  <datafield tag="103" ind1=" " ind2=" ">
    <subfield code="a"> 19380508 </subfield>
    <subfield code="b"> 20120310 </subfield>
  </datafield>
  <datafield tag="106" ind1=" " ind2=" ">
    <subfield code="a">0</subfield>
    <subfield code="b">1</subfield>
    <subfield code="c">0</subfield>
  </datafield>
  <datafield tag="120" ind1=" " ind2=" ">
    <subfield code="a">ba</subfield>
  </datafield>
  <datafield tag="152" ind1=" " ind2=" ">
    <subfield code="a">AFNOR</subfield>
  </datafield>
  <datafield tag="200" ind1=" " ind2="1">
    <subfield code="7">ba0yba0y</subfield>
    <subfield code="9">0</subfield>
    <subfield code="a">Giraud</subfield>
    <subfield code="b">Jean</subfield>
    <subfield code="f">1938-2012</subfield>
  </datafield>
  <datafield tag="340" ind1=" " ind2=" ">
    <subfield code="7">ba0yba0y</subfield>
    <subfield code="a">Graphiste et auteur de bandes dessinées français. Signe également sous le pseudonyme &quot;Gir&quot; et sous le pseudonyme &quot;Moebius&quot; pour son oeuvre dans le domaine du fantastique</subfield>
  </datafield>
  <datafield tag="400" ind1=" " ind2="0">
    <subfield code="7">ba0yba0y</subfield>
    <subfield code="9">#</subfield>
    <subfield code="a">Giraud</subfield>
    <subfield code="b">Jean</subfield>
  </datafield>
  <datafield tag="500" ind1=" " ind2=" ">
    <subfield code="3">026892502</subfield>
    <subfield code="7">ba0yba0y</subfield>
    <subfield code="a">Gir</subfield>
    <subfield code="f">1938-2012</subfield>
  </datafield>
  <datafield tag="500" ind1=" " ind2=" ">
    <subfield code="3">027032817</subfield>
    <subfield code="7">ba0yba0y</subfield>
    <subfield code="a">Moebius</subfield>
    <subfield code="f">1938-2012</subfield>
  </datafield>
  <datafield tag="801" ind1=" " ind2="3">
    <subfield code="a">FR</subfield>
    <subfield code="b">Abes</subfield>
    <subfield code="c">20150929</subfield>
    <subfield code="g">AFNOR</subfield>
    <subfield code="h">034605282</subfield>
  </datafield>
  <datafield tag="810" ind1=" " ind2=" ">
    <subfield code="a">Le Cristal majeur / [texte de] Giraud, [ill. de] Bati, 1986-</subfield>
  </datafield>
  <datafield tag="810" ind1=" " ind2=" ">
    <subfield code="a">La Mine de l&apos;Allemand perdu / texte de Jean-Michel Charlier, dessins de Jean Giraud, 1989</subfield>
  </datafield>
  <datafield tag="810" ind1=" " ind2=" ">
    <subfield code="a">Guide de la bande dessinée / P. Bronson, 1986</subfield>
  </datafield>
  <datafield tag="810" ind1=" " ind2=" ">
    <subfield code="a">Dictionnaire de la bande dessinée / Henri Filippini, 1989</subfield>
  </datafield>
  <datafield tag="810" ind1=" " ind2=" ">
    <subfield code="a">http://fr.wikipedia.org/wiki/Jean_Giraud, 2012-03-10</subfield>
    <subfield code="b">Jean Henri Gaston Giraud, né le 8 mai 1938 à Nogent-sur-Marne et mort le 10 mars 2012 à Paris, est un dessinateur et scénariste français de bande dessinée, connu sous son propre nom mais également sous les pseudonymes de Mœbius et Gir.</subfield>
  </datafield>
  <datafield tag="900" ind1=" " ind2=" ">
    <subfield code="a">Giraud, Jean (1938-2012)</subfield>
  </datafield>
  <datafield tag="901" ind1=" " ind2=" ">
    <subfield code="a">Giraud, Jean</subfield>
  </datafield>
</record>