


<record>
  <leader>     cx  a22     3  45  </leader>
  <controlfield tag="001">027008614</controlfield>
  <controlfield tag="003">http://www.idref.fr/027008614</controlfield>
  <controlfield tag="004">19800118</controlfield>
  <controlfield tag="005">20190709175358.000</controlfield>
  <controlfield tag="006">0004</controlfield>
  <controlfield tag="007">341720001</controlfield>
  <controlfield tag="008">Tp5</controlfield>
  <datafield tag="010" ind1=" " ind2=" ">
    <subfield code="a">000000011031946X</subfield>
    <subfield code="2">BNF</subfield>
    <subfield code="d">20150918</subfield>
  </datafield>
  <datafield tag="033" ind1=" " ind2=" ">
    <subfield code="a">http://catalogue.bnf.fr/ark:/12148/cb11914476c</subfield>
    <subfield code="2">BNF</subfield>
    <subfield code="d">20150918</subfield>
  </datafield>
  <datafield tag="035" ind1=" " ind2=" ">
    <subfield code="a">027400360</subfield>
    <subfield code="9">sudoc</subfield>
  </datafield>
  <datafield tag="035" ind1=" " ind2=" ">
    <subfield code="a">085780642</subfield>
    <subfield code="9">sudoc</subfield>
  </datafield>
  <datafield tag="035" ind1=" " ind2=" ">
    <subfield code="a">frBN001079730</subfield>
  </datafield>
  <datafield tag="035" ind1=" " ind2=" ">
    <subfield code="a">frBN001697577</subfield>
  </datafield>
  <datafield tag="035" ind1=" " ind2=" ">
    <subfield code="a">FRBNF11914476X</subfield>
    <subfield code="z">FRBNF11914476</subfield>
  </datafield>
  <datafield tag="100" ind1=" " ind2=" ">
    <subfield code="a">19800118afrey50      ba0</subfield>
  </datafield>
  <datafield tag="101" ind1=" " ind2=" ">
    <subfield code="a">grc</subfield>
  </datafield>
  <datafield tag="102" ind1=" " ind2=" ">
    <subfield code="a">IT</subfield>
  </datafield>
  <datafield tag="103" ind1=" " ind2=" ">
    <subfield code="a"> 0121     </subfield>
    <subfield code="b"> 0180     </subfield>
  </datafield>
  <datafield tag="106" ind1=" " ind2=" ">
    <subfield code="a">0</subfield>
    <subfield code="b">1</subfield>
    <subfield code="c">0</subfield>
  </datafield>
  <datafield tag="120" ind1=" " ind2=" ">
    <subfield code="a">ba</subfield>
  </datafield>
  <datafield tag="152" ind1=" " ind2=" ">
    <subfield code="a">AFNOR</subfield>
  </datafield>
  <datafield tag="200" ind1=" " ind2="0">
    <subfield code="7">ba0yba0y</subfield>
    <subfield code="8">frefre</subfield>
    <subfield code="9">1</subfield>
    <subfield code="a">Marc Aurèle</subfield>
    <subfield code="f">0121-0180</subfield>
    <subfield code="c">empereur romain</subfield>
  </datafield>
  <datafield tag="340" ind1=" " ind2=" ">
    <subfield code="7">ba0yba0y</subfield>
    <subfield code="a">A aussi écrit en latin</subfield>
  </datafield>
  <datafield tag="340" ind1=" " ind2=" ">
    <subfield code="7">ba0yba0y</subfield>
    <subfield code="a">Empereur romain, philosophe stoi͏̈cien</subfield>
  </datafield>
  <datafield tag="400" ind1=" " ind2="0">
    <subfield code="7">ba0yba0y</subfield>
    <subfield code="8">frefre</subfield>
    <subfield code="9">#</subfield>
    <subfield code="a">Marc-Antonin</subfield>
    <subfield code="c">empereur romain</subfield>
  </datafield>
  <datafield tag="400" ind1=" " ind2="0">
    <subfield code="7">ba0yba0y</subfield>
    <subfield code="8">frelat</subfield>
    <subfield code="9">#</subfield>
    <subfield code="a">Marcus Antoninus</subfield>
    <subfield code="c">empereur romain</subfield>
  </datafield>
  <datafield tag="400" ind1=" " ind2="0">
    <subfield code="7">ba0yba0a</subfield>
    <subfield code="8">fregre</subfield>
    <subfield code="9">#</subfield>
    <subfield code="a">Mârkos &apos;Aurī́lios</subfield>
    <subfield code="c">empereur romain</subfield>
  </datafield>
  <datafield tag="400" ind1=" " ind2="0">
    <subfield code="7">ba0yba0b</subfield>
    <subfield code="8">fregrc</subfield>
    <subfield code="9">#</subfield>
    <subfield code="a">Mârkos &apos;Aurḗlios</subfield>
    <subfield code="c">empereur romain</subfield>
  </datafield>
  <datafield tag="515" ind1=" " ind2=" ">
    <subfield code="3">098901958</subfield>
    <subfield code="5">z|xxx</subfield>
    <subfield code="7">ba0yba0y</subfield>
    <subfield code="a">Rome</subfield>
    <subfield code="z">161-180 (Marc Aurèle)</subfield>
  </datafield>
  <datafield tag="700" ind1=" " ind2="0">
    <subfield code="7">ba0yba0y</subfield>
    <subfield code="8">frelat</subfield>
    <subfield code="9">0</subfield>
    <subfield code="a">Marcus Aurelius Antoninus</subfield>
    <subfield code="f">0121-0180</subfield>
    <subfield code="c">empereur romain</subfield>
  </datafield>
  <datafield tag="801" ind1=" " ind2="3">
    <subfield code="a">FR</subfield>
    <subfield code="b">Abes</subfield>
    <subfield code="c">20190709</subfield>
    <subfield code="g">AFNOR</subfield>
    <subfield code="h">027400360</subfield>
  </datafield>
  <datafield tag="801" ind1=" " ind2="3">
    <subfield code="a">FR</subfield>
    <subfield code="b">Abes</subfield>
    <subfield code="c">20190709</subfield>
    <subfield code="g">AFNOR</subfield>
    <subfield code="h">085780642</subfield>
  </datafield>
  <datafield tag="810" ind1=" " ind2=" ">
    <subfield code="a">Marci Aurelii Antonini ad se ipsum Libri XII / ed. Joachim Dalfen, 1987</subfield>
  </datafield>
  <datafield tag="810" ind1=" " ind2=" ">
    <subfield code="a">GDEL. Clavis SGL : Marcus Aurelius. Marcus Annius Aurelius Antoninus Imperator. Encycl. Grèce : en polytonique. Encycl. Papyros : en monotonique</subfield>
  </datafield>
  <datafield tag="810" ind1=" " ind2=" ">
    <subfield code="a">BN Cat. gén. : Marc-Aurèle. BN Cat. gén. 1960-1969 : Marcus Aurelius. BN Service grec</subfield>
  </datafield>
  <datafield tag="900" ind1=" " ind2=" ">
    <subfield code="a">Marc Aurèle (empereur romain ; 0121-0180)</subfield>
  </datafield>
  <datafield tag="901" ind1=" " ind2=" ">
    <subfield code="a">Marc-Antonin (empereur romain)</subfield>
  </datafield>
  <datafield tag="901" ind1=" " ind2=" ">
    <subfield code="a">Marcus Antoninus (empereur romain)</subfield>
  </datafield>
  <datafield tag="901" ind1=" " ind2=" ">
    <subfield code="a">Mârkos &apos;Aurī́lios (empereur romain)</subfield>
  </datafield>
  <datafield tag="901" ind1=" " ind2=" ">
    <subfield code="a">Mârkos &apos;Aurḗlios (empereur romain)</subfield>
  </datafield>
  <datafield tag="902" ind1=" " ind2=" ">
    <subfield code="a">Marcus Aurelius Antoninus (empereur romain ; 0121-0180)</subfield>
  </datafield>
</record>