


<record>
  <leader>     cx  a22     3  45  </leader>
  <controlfield tag="001">027032817</controlfield>
  <controlfield tag="003">http://www.idref.fr/027032817</controlfield>
  <controlfield tag="004">19760423</controlfield>
  <controlfield tag="005">20171207112608.000</controlfield>
  <controlfield tag="006">0004</controlfield>
  <controlfield tag="007">774682101</controlfield>
  <controlfield tag="008">Tp5</controlfield>
  <datafield tag="010" ind1=" " ind2=" ">
    <subfield code="a">0000000121036668</subfield>
    <subfield code="2">BNF</subfield>
    <subfield code="d">20150918</subfield>
  </datafield>
  <datafield tag="033" ind1=" " ind2=" ">
    <subfield code="a">http://catalogue.bnf.fr/ark:/12148/cb119163637</subfield>
    <subfield code="2">BNF</subfield>
    <subfield code="d">20150918</subfield>
  </datafield>
  <datafield tag="035" ind1=" " ind2=" ">
    <subfield code="a">027628701</subfield>
    <subfield code="9">sudoc</subfield>
  </datafield>
  <datafield tag="035" ind1=" " ind2=" ">
    <subfield code="a">frBN001938035</subfield>
  </datafield>
  <datafield tag="035" ind1=" " ind2=" ">
    <subfield code="a">frBN001129336</subfield>
  </datafield>
  <datafield tag="035" ind1=" " ind2=" ">
    <subfield code="a">FRBNF119163635</subfield>
    <subfield code="z">FRBNF11916363</subfield>
  </datafield>
  <datafield tag="100" ind1=" " ind2=" ">
    <subfield code="a">19760423afrey50      ba0</subfield>
  </datafield>
  <datafield tag="101" ind1=" " ind2=" ">
    <subfield code="a">fre</subfield>
  </datafield>
  <datafield tag="102" ind1=" " ind2=" ">
    <subfield code="a">FR</subfield>
  </datafield>
  <datafield tag="103" ind1=" " ind2=" ">
    <subfield code="a"> 19380508 </subfield>
    <subfield code="b"> 20120310 </subfield>
  </datafield>
  <datafield tag="106" ind1=" " ind2=" ">
    <subfield code="a">0</subfield>
    <subfield code="b">1</subfield>
    <subfield code="c">0</subfield>
  </datafield>
  <datafield tag="120" ind1=" " ind2=" ">
    <subfield code="a">ba</subfield>
  </datafield>
  <datafield tag="152" ind1=" " ind2=" ">
    <subfield code="a">AFNOR</subfield>
  </datafield>
  <datafield tag="200" ind1=" " ind2="0">
    <subfield code="7">ba0yba0y</subfield>
    <subfield code="5">e|xxx</subfield>
    <subfield code="9">0</subfield>
    <subfield code="a">Moebius</subfield>
    <subfield code="f">1938-2012</subfield>
  </datafield>
  <datafield tag="330" ind1="0" ind2=" ">
    <subfield code="7">ba0yba0y</subfield>
    <subfield code="a">Sous cette vedette, on trouve les ouvrages traitant spécifiquement de l&apos;oeuvre de l&apos;auteur dans le domaine du fantastique (signée du pseudonyme &quot;Moebius&quot;). Les ouvrages généraux ou biographiques se trouvent sous Giraud, Jean (1938-....)</subfield>
  </datafield>
  <datafield tag="340" ind1=" " ind2=" ">
    <subfield code="7">ba0yba0y</subfield>
    <subfield code="a">Dessinateur et scénariste de bandes dessinées. Signe également sous son nom véritable, Jean Giraud et sous le pseudonyme &quot;Gir&quot;</subfield>
  </datafield>
  <datafield tag="500" ind1=" " ind2=" ">
    <subfield code="3">026893061</subfield>
    <subfield code="7">ba0yba0y</subfield>
    <subfield code="a">Giraud</subfield>
    <subfield code="b">Jean</subfield>
    <subfield code="f">1938-2012</subfield>
  </datafield>
  <datafield tag="500" ind1=" " ind2=" ">
    <subfield code="3">026892502</subfield>
    <subfield code="7">ba0yba0y</subfield>
    <subfield code="a">Gir</subfield>
    <subfield code="f">1938-2012</subfield>
  </datafield>
  <datafield tag="801" ind1=" " ind2="3">
    <subfield code="a">FR</subfield>
    <subfield code="b">Abes</subfield>
    <subfield code="c">20171207</subfield>
    <subfield code="g">AFNOR</subfield>
    <subfield code="h">027628701</subfield>
  </datafield>
  <datafield tag="810" ind1=" " ind2=" ">
    <subfield code="a">Les Jardins d&apos;Édena / [texte et dessins de] Moebius, 1988</subfield>
  </datafield>
  <datafield tag="810" ind1=" " ind2=" ">
    <subfield code="a">Ce qui est en bas / [scénario de] Jodorowsky ; [dessins de] Moebius, 1989</subfield>
  </datafield>
  <datafield tag="810" ind1=" " ind2=" ">
    <subfield code="a">Guide de la bande dessinée / P. Bronson, 1986</subfield>
  </datafield>
  <datafield tag="810" ind1=" " ind2=" ">
    <subfield code="a">Dictionnaire de la bande dessinée / Henri Filippini, 1989</subfield>
  </datafield>
  <datafield tag="810" ind1=" " ind2=" ">
    <subfield code="a">Encycl. des bandes dessinées / M. Alessandrini</subfield>
  </datafield>
  <datafield tag="810" ind1=" " ind2=" ">
    <subfield code="a">Dict. mondial de la bande dessinée / P. Gaumer, C. Moliterni, 1994</subfield>
  </datafield>
  <datafield tag="810" ind1=" " ind2=" ">
    <subfield code="a">http://fr.wikipedia.org/wiki/Jean_Giraud, 2012-03-10</subfield>
    <subfield code="b">Jean Henri Gaston Giraud, né le 8 mai 1938 à Nogent-sur-Marne et mort le 10 mars 2012 à Paris, est un dessinateur et scénariste français de bande dessinée, connu sous son propre nom mais également sous les pseudonymes de Mœbius et Gir</subfield>
  </datafield>
  <datafield tag="900" ind1=" " ind2=" ">
    <subfield code="a">Moebius (1938-2012)</subfield>
  </datafield>
</record>