


<record>
  <leader>     cx  a22     3  45  </leader>
  <controlfield tag="001">027043983</controlfield>
  <controlfield tag="003">http://www.idref.fr/027043983</controlfield>
  <controlfield tag="004">19811211</controlfield>
  <controlfield tag="005">20151006144125.000</controlfield>
  <controlfield tag="006">0004</controlfield>
  <controlfield tag="007">751052345</controlfield>
  <controlfield tag="008">Tp5</controlfield>
  <datafield tag="010" ind1=" " ind2=" ">
    <subfield code="a">0000000080880781</subfield>
    <subfield code="2">BNF</subfield>
    <subfield code="d">20150918</subfield>
  </datafield>
  <datafield tag="033" ind1=" " ind2=" ">
    <subfield code="a">http://catalogue.bnf.fr/ark:/12148/cb11917351g</subfield>
    <subfield code="2">BNF</subfield>
    <subfield code="d">20150918</subfield>
  </datafield>
  <datafield tag="035" ind1=" " ind2=" ">
    <subfield code="a">086054600</subfield>
    <subfield code="9">sudoc</subfield>
  </datafield>
  <datafield tag="035" ind1=" " ind2=" ">
    <subfield code="a">frBN001156290</subfield>
  </datafield>
  <datafield tag="035" ind1=" " ind2=" ">
    <subfield code="a">frBN001811785</subfield>
  </datafield>
  <datafield tag="035" ind1=" " ind2=" ">
    <subfield code="a">FRBNF119173519</subfield>
    <subfield code="z">FRBNF11917351</subfield>
  </datafield>
  <datafield tag="100" ind1=" " ind2=" ">
    <subfield code="a">19811211afreb50      ba0</subfield>
  </datafield>
  <datafield tag="101" ind1=" " ind2=" ">
    <subfield code="a">san</subfield>
  </datafield>
  <datafield tag="102" ind1=" " ind2=" ">
    <subfield code="a">IN</subfield>
  </datafield>
  <datafield tag="103" ind1=" " ind2=" ">
    <subfield code="a"> 01..     </subfield>
    <subfield code="b"> 01..     </subfield>
  </datafield>
  <datafield tag="106" ind1=" " ind2=" ">
    <subfield code="a">0</subfield>
    <subfield code="b">1</subfield>
    <subfield code="c">0</subfield>
  </datafield>
  <datafield tag="120" ind1=" " ind2=" ">
    <subfield code="a">ba</subfield>
  </datafield>
  <datafield tag="152" ind1=" " ind2=" ">
    <subfield code="a">AFNOR</subfield>
  </datafield>
  <datafield tag="200" ind1=" " ind2="0">
    <subfield code="7">ba0yba0b</subfield>
    <subfield code="9">0</subfield>
    <subfield code="a">Nāgārjuna</subfield>
    <subfield code="c">philosophe bouddhiste</subfield>
    <subfield code="f">IIè-IIIè siècle</subfield>
  </datafield>
  <datafield tag="300" ind1=" " ind2=" ">
    <subfield code="7">ba0yba0y</subfield>
    <subfield code="a">Ne pas confondre avec Nāgārjuna (9ème siècle ?), ppn 081300328</subfield>
  </datafield>
  <datafield tag="340" ind1=" " ind2=" ">
    <subfield code="7">ba0yba0y</subfield>
    <subfield code="a">Philosophe bouddhiste. Fondateur de l&apos;école des Mādhyamika au 2ème siècle ap. J.C</subfield>
  </datafield>
  <datafield tag="340" ind1=" " ind2=" ">
    <subfield code="7">ba0yba0y</subfield>
    <subfield code="a">Serait un brahmane originaire du sud de l&apos;Inde. Aurait vécu à Nagarjunakonda, Andhra Pradesh</subfield>
  </datafield>
  <datafield tag="400" ind1=" " ind2="0">
    <subfield code="7">ba0yba0y</subfield>
    <subfield code="8">frejpn</subfield>
    <subfield code="9">#</subfield>
    <subfield code="a">Ryūju</subfield>
  </datafield>
  <datafield tag="400" ind1=" " ind2="0">
    <subfield code="7">ba0yba0y</subfield>
    <subfield code="9">#</subfield>
    <subfield code="a">Naagaarjuna</subfield>
  </datafield>
  <datafield tag="400" ind1=" " ind2="0">
    <subfield code="6">a01</subfield>
    <subfield code="7">ba0yzz0y</subfield>
    <subfield code="a">ཀླུ་སྒྲུབ།</subfield>
  </datafield>
  <datafield tag="400" ind1=" " ind2="0">
    <subfield code="6">a01</subfield>
    <subfield code="7">ba0yba0y</subfield>
    <subfield code="a">kLu sgrub</subfield>
  </datafield>
  <datafield tag="400" ind1=" " ind2="0">
    <subfield code="6">a02</subfield>
    <subfield code="7">ba0yea0a</subfield>
    <subfield code="9">#</subfield>
    <subfield code="a">龍樹</subfield>
  </datafield>
  <datafield tag="400" ind1=" " ind2="0">
    <subfield code="6">a02</subfield>
    <subfield code="7">ba0yba0a</subfield>
    <subfield code="9">#</subfield>
    <subfield code="a">Longshu</subfield>
  </datafield>
  <datafield tag="400" ind1=" " ind2="0">
    <subfield code="6">a03</subfield>
    <subfield code="7">ba0yea0a</subfield>
    <subfield code="9">#</subfield>
    <subfield code="a">龙树菩萨</subfield>
  </datafield>
  <datafield tag="400" ind1=" " ind2="0">
    <subfield code="6">a03</subfield>
    <subfield code="7">ba0yba0a</subfield>
    <subfield code="9">#</subfield>
    <subfield code="a">Longshu Pusa</subfield>
  </datafield>
  <datafield tag="801" ind1=" " ind2="3">
    <subfield code="a">FR</subfield>
    <subfield code="b">Abes</subfield>
    <subfield code="c">20151006</subfield>
    <subfield code="g">AFNOR</subfield>
    <subfield code="h">086054600</subfield>
  </datafield>
  <datafield tag="810" ind1=" " ind2=" ">
    <subfield code="a">Le Traité de la grande vertu de sagesse  : Mahāprajñāpāramitāśāstra / de Nāgārjuna, 1980</subfield>
  </datafield>
  <datafield tag="810" ind1=" " ind2=" ">
    <subfield code="a">Cat. of Sanskrit, Pali and Prakrit books / National Library, 1956. L&apos;Inde classique / par L. Renou et J. Filliozat, 1947-1953, Vol. II, p. 377-378. A Dict. of Indology / A.K. Roy, N.N. Gidwani, 1985. Encyclopaedia of Indian culture / R.N. Saletore, 1983. Dict. de la civilisation indienne / L. Frédéric, 1987. BEPI, 1986. LCNA, 1985. Tables Taishō</subfield>
  </datafield>
  <datafield tag="810" ind1=" " ind2=" ">
    <subfield code="a">BN Service indien. BN Service chinois</subfield>
  </datafield>
  <datafield tag="900" ind1=" " ind2=" ">
    <subfield code="a">Nāgārjuna (philosophe bouddhiste ; IIè-IIIè siècle)</subfield>
  </datafield>
  <datafield tag="901" ind1=" " ind2=" ">
    <subfield code="a">Ryūju</subfield>
  </datafield>
  <datafield tag="901" ind1=" " ind2=" ">
    <subfield code="a">Naagaarjuna</subfield>
  </datafield>
  <datafield tag="901" ind1=" " ind2=" ">
    <subfield code="6">01</subfield>
    <subfield code="7">zz</subfield>
    <subfield code="a">ཀླུ་སྒྲུབ།</subfield>
  </datafield>
  <datafield tag="901" ind1=" " ind2=" ">
    <subfield code="6">01</subfield>
    <subfield code="7">ba</subfield>
    <subfield code="a">kLu sgrub</subfield>
  </datafield>
  <datafield tag="901" ind1=" " ind2=" ">
    <subfield code="6">02</subfield>
    <subfield code="7">ea</subfield>
    <subfield code="a">龍樹</subfield>
  </datafield>
  <datafield tag="901" ind1=" " ind2=" ">
    <subfield code="6">02</subfield>
    <subfield code="7">ba</subfield>
    <subfield code="a">Longshu</subfield>
  </datafield>
  <datafield tag="901" ind1=" " ind2=" ">
    <subfield code="6">03</subfield>
    <subfield code="7">ea</subfield>
    <subfield code="a">龙树菩萨</subfield>
  </datafield>
  <datafield tag="901" ind1=" " ind2=" ">
    <subfield code="6">03</subfield>
    <subfield code="7">ba</subfield>
    <subfield code="a">Longshu Pusa</subfield>
  </datafield>
</record>