


<record>
  <leader>     cx  a22     3  45  </leader>
  <controlfield tag="001">027055752</controlfield>
  <controlfield tag="003">http://www.idref.fr/027055752</controlfield>
  <controlfield tag="004">19741204</controlfield>
  <controlfield tag="005">20161122031128.000</controlfield>
  <controlfield tag="006">0004</controlfield>
  <controlfield tag="007">4994</controlfield>
  <controlfield tag="008">Tp5</controlfield>
  <datafield tag="010" ind1=" " ind2=" ">
    <subfield code="a">0000000121201141</subfield>
    <subfield code="2">BNF</subfield>
    <subfield code="d">20150918</subfield>
  </datafield>
  <datafield tag="033" ind1=" " ind2=" ">
    <subfield code="a">http://catalogue.bnf.fr/ark:/12148/cb119184123</subfield>
    <subfield code="2">BNF</subfield>
    <subfield code="d">20150918</subfield>
  </datafield>
  <datafield tag="035" ind1=" " ind2=" ">
    <subfield code="a">027327558</subfield>
    <subfield code="9">sudoc</subfield>
  </datafield>
  <datafield tag="035" ind1=" " ind2=" ">
    <subfield code="a">frBN001187179</subfield>
  </datafield>
  <datafield tag="035" ind1=" " ind2=" ">
    <subfield code="a">frBN001620940</subfield>
  </datafield>
  <datafield tag="035" ind1=" " ind2=" ">
    <subfield code="a">FRBNF119184120</subfield>
    <subfield code="z">FRBNF11918412</subfield>
  </datafield>
  <datafield tag="100" ind1=" " ind2=" ">
    <subfield code="a">19741204afrey50      ba0</subfield>
  </datafield>
  <datafield tag="101" ind1=" " ind2=" ">
    <subfield code="a">fre</subfield>
  </datafield>
  <datafield tag="102" ind1=" " ind2=" ">
    <subfield code="a">FR</subfield>
  </datafield>
  <datafield tag="103" ind1=" " ind2=" ">
    <subfield code="a"> 18950228 </subfield>
    <subfield code="b"> 19740418 </subfield>
  </datafield>
  <datafield tag="106" ind1=" " ind2=" ">
    <subfield code="a">0</subfield>
    <subfield code="b">1</subfield>
    <subfield code="c">0</subfield>
  </datafield>
  <datafield tag="120" ind1=" " ind2=" ">
    <subfield code="a">ba</subfield>
  </datafield>
  <datafield tag="152" ind1=" " ind2=" ">
    <subfield code="a">AFNOR</subfield>
  </datafield>
  <datafield tag="200" ind1=" " ind2="1">
    <subfield code="7">ba0yba0y</subfield>
    <subfield code="9">0</subfield>
    <subfield code="a">Pagnol</subfield>
    <subfield code="b">Marcel</subfield>
    <subfield code="f">1895-1974</subfield>
  </datafield>
  <datafield tag="340" ind1=" " ind2=" ">
    <subfield code="7">ba0yba0y</subfield>
    <subfield code="a">Romancier, auteur dramatique et cinéaste. Membre de l&apos;Institut, Académie française (1946-1974)</subfield>
  </datafield>
  <datafield tag="530" ind1=" " ind2=" ">
    <subfield code="0">Réalisateur de</subfield>
    <subfield code="3">033695202</subfield>
    <subfield code="5">z|xxx</subfield>
    <subfield code="7">ba0yba0y</subfield>
    <subfield code="a">Angèle</subfield>
    <subfield code="n">film</subfield>
  </datafield>
  <datafield tag="530" ind1=" " ind2=" ">
    <subfield code="0">Réalisateur de</subfield>
    <subfield code="3">066912059</subfield>
    <subfield code="5">z|xxx</subfield>
    <subfield code="7">ba0yba0y</subfield>
    <subfield code="a">Marius</subfield>
    <subfield code="n">film</subfield>
  </datafield>
  <datafield tag="530" ind1=" " ind2=" ">
    <subfield code="0">Réalisateur de</subfield>
    <subfield code="3">066912075</subfield>
    <subfield code="5">z|xxx</subfield>
    <subfield code="7">ba0yba0y</subfield>
    <subfield code="a">César</subfield>
    <subfield code="n">film</subfield>
  </datafield>
  <datafield tag="530" ind1=" " ind2=" ">
    <subfield code="0">Réalisateur de</subfield>
    <subfield code="3">178202452</subfield>
    <subfield code="5">z|xxx</subfield>
    <subfield code="7">ba0yba0y</subfield>
    <subfield code="a">Regain</subfield>
    <subfield code="n">film</subfield>
  </datafield>
  <datafield tag="530" ind1=" " ind2=" ">
    <subfield code="0">Réalisateur de</subfield>
    <subfield code="3">180646656</subfield>
    <subfield code="5">z|xxx</subfield>
    <subfield code="7">ba0yba0y</subfield>
    <subfield code="a">Manon des sources</subfield>
    <subfield code="n">film, 1952</subfield>
  </datafield>
  <datafield tag="801" ind1=" " ind2="3">
    <subfield code="a">FR</subfield>
    <subfield code="b">Abes</subfield>
    <subfield code="c">20161122</subfield>
    <subfield code="g">AFNOR</subfield>
    <subfield code="h">027327558</subfield>
  </datafield>
  <datafield tag="810" ind1=" " ind2=" ">
    <subfield code="a">La Gloire de mon père / Marcel Pagnol, 1973</subfield>
  </datafield>
  <datafield tag="810" ind1=" " ind2=" ">
    <subfield code="a">GDEL</subfield>
  </datafield>
  <datafield tag="810" ind1=" " ind2=" ">
    <subfield code="a">WW, France 1971-1972 et 1975-1976</subfield>
  </datafield>
  <datafield tag="810" ind1=" " ind2=" ">
    <subfield code="a">BN Cat. gén.</subfield>
    <subfield code="b">Pagnol (Marcel-Paul)</subfield>
  </datafield>
  <datafield tag="810" ind1=" " ind2=" ">
    <subfield code="a">BN Cat. gén. suppl.. BN Cat. gén. 1960-1969</subfield>
  </datafield>
  <datafield tag="810" ind1=" " ind2=" ">
    <subfield code="a">Internet, www.imdb.com/, 2005-10-06</subfield>
    <subfield code="b">Marcel Pagnol, réalisateur de : Angèle ; Marius ; César</subfield>
  </datafield>
  <datafield tag="810" ind1=" " ind2=" ">
    <subfield code="a">Die Zeit der Liebe / Marcel Pagnol, 1979</subfield>
  </datafield>
  <datafield tag="810" ind1=" " ind2=" ">
    <subfield code="a">Marcel Pagnol, un inventeur du cinéma / Guy Chapouillié, Pierre Arbus, DL 2010</subfield>
  </datafield>
  <datafield tag="900" ind1=" " ind2=" ">
    <subfield code="a">Pagnol, Marcel (1895-1974)</subfield>
  </datafield>
</record>