


<record>
  <leader>     cx  a22     3  45  </leader>
  <controlfield tag="001">027123227</controlfield>
  <controlfield tag="003">http://www.idref.fr/027123227</controlfield>
  <controlfield tag="004">19750212</controlfield>
  <controlfield tag="005">20180327152346.000</controlfield>
  <controlfield tag="006">0004</controlfield>
  <controlfield tag="007">335222109</controlfield>
  <controlfield tag="008">Tp5</controlfield>
  <datafield tag="010" ind1=" " ind2=" ">
    <subfield code="a">000000012321080X</subfield>
    <subfield code="2">BNF</subfield>
    <subfield code="d">20150918</subfield>
  </datafield>
  <datafield tag="033" ind1=" " ind2=" ">
    <subfield code="a">http://catalogue.bnf.fr/ark:/12148/cb11923735k</subfield>
    <subfield code="2">BNF</subfield>
    <subfield code="d">20150918</subfield>
  </datafield>
  <datafield tag="035" ind1=" " ind2=" ">
    <subfield code="a">02730518X</subfield>
    <subfield code="9">sudoc</subfield>
  </datafield>
  <datafield tag="035" ind1=" " ind2=" ">
    <subfield code="a">087508206</subfield>
    <subfield code="9">sudoc</subfield>
  </datafield>
  <datafield tag="035" ind1=" " ind2=" ">
    <subfield code="a">frBN001331875</subfield>
  </datafield>
  <datafield tag="035" ind1=" " ind2=" ">
    <subfield code="a">frBN001597819</subfield>
  </datafield>
  <datafield tag="035" ind1=" " ind2=" ">
    <subfield code="a">FRBNF119237352</subfield>
    <subfield code="z">FRBNF11923735</subfield>
  </datafield>
  <datafield tag="100" ind1=" " ind2=" ">
    <subfield code="a">19750212afrey50      ba0</subfield>
  </datafield>
  <datafield tag="101" ind1=" " ind2=" ">
    <subfield code="a">fre</subfield>
  </datafield>
  <datafield tag="102" ind1=" " ind2=" ">
    <subfield code="a">FR</subfield>
  </datafield>
  <datafield tag="103" ind1=" " ind2=" ">
    <subfield code="a"> 19050621 </subfield>
    <subfield code="b"> 19800415 </subfield>
  </datafield>
  <datafield tag="106" ind1=" " ind2=" ">
    <subfield code="a">0</subfield>
    <subfield code="b">1</subfield>
    <subfield code="c">0</subfield>
  </datafield>
  <datafield tag="120" ind1=" " ind2=" ">
    <subfield code="a">ba</subfield>
  </datafield>
  <datafield tag="152" ind1=" " ind2=" ">
    <subfield code="a">AFNOR</subfield>
  </datafield>
  <datafield tag="200" ind1=" " ind2="1">
    <subfield code="7">ba0yba0y</subfield>
    <subfield code="9">0</subfield>
    <subfield code="a">Sartre</subfield>
    <subfield code="b">Jean-Paul</subfield>
    <subfield code="f">1905-1980</subfield>
  </datafield>
  <datafield tag="340" ind1=" " ind2=" ">
    <subfield code="7">ba0yba0y</subfield>
    <subfield code="a">Écrivain et philosophe. A transposé ses thèses philosophiques dans ses pièces de théâtre</subfield>
  </datafield>
  <datafield tag="400" ind1=" " ind2="1">
    <subfield code="6">a01</subfield>
    <subfield code="7">ba0yea0y</subfield>
    <subfield code="9">#</subfield>
    <subfield code="a">沙特</subfield>
  </datafield>
  <datafield tag="400" ind1=" " ind2="1">
    <subfield code="6">a01</subfield>
    <subfield code="7">ba0yba0a</subfield>
    <subfield code="9">#</subfield>
    <subfield code="a">Shate</subfield>
  </datafield>
  <datafield tag="530" ind1=" " ind2=" ">
    <subfield code="3">028569547</subfield>
    <subfield code="7">ba0yba0y</subfield>
    <subfield code="a">Les Temps modernes (périodique)</subfield>
  </datafield>
  <datafield tag="801" ind1=" " ind2="3">
    <subfield code="a">FR</subfield>
    <subfield code="b">Abes</subfield>
    <subfield code="c">20180327</subfield>
    <subfield code="g">AFNOR</subfield>
    <subfield code="h">02730518X</subfield>
  </datafield>
  <datafield tag="801" ind1=" " ind2="3">
    <subfield code="a">FR</subfield>
    <subfield code="b">Abes</subfield>
    <subfield code="c">20180327</subfield>
    <subfield code="g">AFNOR</subfield>
    <subfield code="h">087508206</subfield>
  </datafield>
  <datafield tag="810" ind1=" " ind2=" ">
    <subfield code="a">L&apos;être et le néant : essai d&apos;ontologie phénoménologique / Jean-Paul Sartre, 1943. Les Chemins de la liberté... / Jean-Paul Sartre, 1972</subfield>
  </datafield>
  <datafield tag="810" ind1=" " ind2=" ">
    <subfield code="a">GDEL. Laffont-Bompiani, Auteurs</subfield>
  </datafield>
  <datafield tag="810" ind1=" " ind2=" ">
    <subfield code="a">BN Cat. gén. 1960-1969</subfield>
  </datafield>
  <datafield tag="810" ind1=" " ind2=" ">
    <subfield code="6">a02</subfield>
    <subfield code="7">ba0yea0y</subfield>
    <subfield code="a">沙特小說選 / 沙特著 ; 陳鼓應等譯, 1999</subfield>
  </datafield>
  <datafield tag="810" ind1=" " ind2=" ">
    <subfield code="6">a02</subfield>
    <subfield code="7">ba0yba0a</subfield>
    <subfield code="a">Shate xiao shuo xuan / Shate zhu ; Chen Guying deng yi, 1999</subfield>
  </datafield>
  <datafield tag="900" ind1=" " ind2=" ">
    <subfield code="a">Sartre, Jean-Paul (1905-1980)</subfield>
  </datafield>
  <datafield tag="901" ind1=" " ind2=" ">
    <subfield code="6">01</subfield>
    <subfield code="7">ea</subfield>
    <subfield code="a">沙特</subfield>
  </datafield>
  <datafield tag="901" ind1=" " ind2=" ">
    <subfield code="6">01</subfield>
    <subfield code="7">ba</subfield>
    <subfield code="a">Shate</subfield>
  </datafield>
</record>