


<record>
  <leader>     cx  a22     3  45  </leader>
  <controlfield tag="001">027136086</controlfield>
  <controlfield tag="003">http://www.idref.fr/027136086</controlfield>
  <controlfield tag="004">19750221</controlfield>
  <controlfield tag="005">20190404162532.000</controlfield>
  <controlfield tag="006">0004</controlfield>
  <controlfield tag="007">315550002</controlfield>
  <controlfield tag="008">Tp5</controlfield>
  <datafield tag="010" ind1=" " ind2=" ">
    <subfield code="a">0000000121032683</subfield>
    <subfield code="2">BNF</subfield>
    <subfield code="d">20150918</subfield>
  </datafield>
  <datafield tag="033" ind1=" " ind2=" ">
    <subfield code="a">http://catalogue.bnf.fr/ark:/12148/cb119246079</subfield>
    <subfield code="2">BNF</subfield>
    <subfield code="d">20150928</subfield>
  </datafield>
  <datafield tag="035" ind1=" " ind2=" ">
    <subfield code="a">027342948</subfield>
    <subfield code="9">sudoc</subfield>
  </datafield>
  <datafield tag="035" ind1=" " ind2=" ">
    <subfield code="a">frBN001636492</subfield>
  </datafield>
  <datafield tag="035" ind1=" " ind2=" ">
    <subfield code="a">frBN001357329</subfield>
  </datafield>
  <datafield tag="035" ind1=" " ind2=" ">
    <subfield code="a">FRBNF119246077</subfield>
    <subfield code="z">FRBNF11924607</subfield>
  </datafield>
  <datafield tag="035" ind1=" " ind2=" ">
    <subfield code="a">696</subfield>
    <subfield code="2">PRELIB</subfield>
    <subfield code="d">20180612</subfield>
  </datafield>
  <datafield tag="035" ind1=" " ind2=" ">
    <subfield code="a">Q692</subfield>
    <subfield code="2">WIKIDATA</subfield>
    <subfield code="d">20180612</subfield>
  </datafield>
  <datafield tag="100" ind1=" " ind2=" ">
    <subfield code="a">19750221afrey50      ba0</subfield>
  </datafield>
  <datafield tag="101" ind1=" " ind2=" ">
    <subfield code="a">eng</subfield>
  </datafield>
  <datafield tag="102" ind1=" " ind2=" ">
    <subfield code="a">GB</subfield>
  </datafield>
  <datafield tag="103" ind1=" " ind2=" ">
    <subfield code="a"> 156404   </subfield>
    <subfield code="b"> 16160423 </subfield>
  </datafield>
  <datafield tag="106" ind1=" " ind2=" ">
    <subfield code="a">0</subfield>
    <subfield code="b">1</subfield>
    <subfield code="c">0</subfield>
  </datafield>
  <datafield tag="120" ind1=" " ind2=" ">
    <subfield code="a">ba</subfield>
  </datafield>
  <datafield tag="152" ind1=" " ind2=" ">
    <subfield code="a">AFNOR</subfield>
  </datafield>
  <datafield tag="200" ind1=" " ind2="1">
    <subfield code="7">ba0yba0y</subfield>
    <subfield code="9">0</subfield>
    <subfield code="a">Shakespeare</subfield>
    <subfield code="b">William</subfield>
    <subfield code="f">1564-1616</subfield>
  </datafield>
  <datafield tag="340" ind1=" " ind2=" ">
    <subfield code="7">ba0yba0y</subfield>
    <subfield code="a">Homme de lettres et de théâtre. Baptisé le 26 avril 1564</subfield>
  </datafield>
  <datafield tag="340" ind1=" " ind2=" ">
    <subfield code="7">ba0yba0y</subfield>
    <subfield code="a">Lieu de naissance Stratford-sur-Avon (GB). Lieu de décès Stratford-sur-Avon (GB)</subfield>
  </datafield>
  <datafield tag="400" ind1=" " ind2="1">
    <subfield code="7">ba0yba0y</subfield>
    <subfield code="9">#</subfield>
    <subfield code="a">Shakespear</subfield>
    <subfield code="b">William</subfield>
  </datafield>
  <datafield tag="400" ind1=" " ind2="1">
    <subfield code="7">ba0yba0y</subfield>
    <subfield code="9">#</subfield>
    <subfield code="a">Shakespeare</subfield>
    <subfield code="b">Will</subfield>
  </datafield>
  <datafield tag="400" ind1=" " ind2="1">
    <subfield code="7">ba0yba0y</subfield>
    <subfield code="9">#</subfield>
    <subfield code="a">Shakspeare</subfield>
    <subfield code="b">William</subfield>
  </datafield>
  <datafield tag="400" ind1=" " ind2="1">
    <subfield code="7">ba0yba0y</subfield>
    <subfield code="9">#</subfield>
    <subfield code="a">Shakspere</subfield>
    <subfield code="b">William</subfield>
  </datafield>
  <datafield tag="400" ind1=" " ind2="1">
    <subfield code="7">ba0yba0y</subfield>
    <subfield code="8">frepol</subfield>
    <subfield code="9">#</subfield>
    <subfield code="a">Szekspir</subfield>
    <subfield code="b">William</subfield>
  </datafield>
  <datafield tag="400" ind1=" " ind2="1">
    <subfield code="7">ba0yba0y</subfield>
    <subfield code="8">frerus</subfield>
    <subfield code="9">#</subfield>
    <subfield code="a">Шекспир</subfield>
    <subfield code="b">Уильям</subfield>
  </datafield>
  <datafield tag="400" ind1=" " ind2="1">
    <subfield code="6">a01</subfield>
    <subfield code="7">ba0yea0y</subfield>
    <subfield code="9">#</subfield>
    <subfield code="a">莎士比亞</subfield>
  </datafield>
  <datafield tag="400" ind1=" " ind2="1">
    <subfield code="6">a01</subfield>
    <subfield code="7">ba0yea0y</subfield>
    <subfield code="9">#</subfield>
    <subfield code="a">Shashibiya</subfield>
  </datafield>
  <datafield tag="530" ind1=" " ind2=" ">
    <subfield code="3">034798609</subfield>
    <subfield code="7">ba0yba0y</subfield>
    <subfield code="a">Arden of Feversham</subfield>
  </datafield>
  <datafield tag="686" ind1=" " ind2=" ">
    <subfield code="a">800</subfield>
    <subfield code="c">Littératures</subfield>
    <subfield code="2">Note de regroupement par domaine</subfield>
  </datafield>
  <datafield tag="801" ind1=" " ind2="3">
    <subfield code="a">FR</subfield>
    <subfield code="b">Abes</subfield>
    <subfield code="c">20190404</subfield>
    <subfield code="g">AFNOR</subfield>
    <subfield code="h">027342948</subfield>
  </datafield>
  <datafield tag="801" ind1=" " ind2="0">
    <subfield code="a">FR</subfield>
    <subfield code="b">BnF</subfield>
    <subfield code="c">20071220</subfield>
  </datafield>
  <datafield tag="810" ind1=" " ind2=" ">
    <subfield code="a">Hamlet, prince of Denmark / William Shakespeare, 1969</subfield>
  </datafield>
  <datafield tag="810" ind1=" " ind2=" ">
    <subfield code="a">Julius Caesar : a tragedy, as it is acted at the Theatre-royal in Drury-Lane / by Mr. William Shakespear, 1734</subfield>
  </datafield>
  <datafield tag="810" ind1=" " ind2=" ">
    <subfield code="a">All&apos;s well that ends well / by Will. Shakespeare, 1786</subfield>
  </datafield>
  <datafield tag="810" ind1=" " ind2=" ">
    <subfield code="a">Gallerie zu Shakspeare&apos;s dramatischen Werken, 1836</subfield>
  </datafield>
  <datafield tag="810" ind1=" " ind2=" ">
    <subfield code="a">Coriolanus / by Will. Shakspere, 1786</subfield>
  </datafield>
  <datafield tag="810" ind1=" " ind2=" ">
    <subfield code="a">Antoniusz i Kleopatra / dramat w. piecu aktach W. Szekspira ; l. K. Ostrowskiego, 1872</subfield>
  </datafield>
  <datafield tag="810" ind1=" " ind2=" ">
    <subfield code="a">BLNA</subfield>
  </datafield>
  <datafield tag="810" ind1=" " ind2=" ">
    <subfield code="a">Lafont-Bompiani, Auteurs</subfield>
  </datafield>
  <datafield tag="810" ind1=" " ind2=" ">
    <subfield code="a">BN Cat. gén</subfield>
  </datafield>
  <datafield tag="810" ind1=" " ind2=" ">
    <subfield code="a">BN Cat. gén. 1960-1969</subfield>
  </datafield>
  <datafield tag="810" ind1=" " ind2=" ">
    <subfield code="a">Merely players ? : actors&apos; accounts of performing Shakespeare / Jonathan Holmes, 2004</subfield>
  </datafield>
  <datafield tag="810" ind1=" " ind2=" ">
    <subfield code="a">Famous scenes = Scènes célèbres / William Shakespeare ; textes choisis et présentés par Claude Mourthé, 2008</subfield>
  </datafield>
  <datafield tag="810" ind1=" " ind2=" ">
    <subfield code="a">The Routledge companion to directors&apos; Shakespeare / edited by John Russell Brown, 2008</subfield>
  </datafield>
  <datafield tag="810" ind1=" " ind2=" ">
    <subfield code="a">Shakespeare on stage / Stephen Siddall, 2008</subfield>
  </datafield>
  <datafield tag="810" ind1=" " ind2=" ">
    <subfield code="a">Narrating the visual in Shakespeare / Richard Meek, cop. 2009</subfield>
  </datafield>
  <datafield tag="810" ind1=" " ind2=" ">
    <subfield code="a">How to do Shakespeare / Adrian Noble, cop. 2010</subfield>
  </datafield>
  <datafield tag="810" ind1=" " ind2=" ">
    <subfield code="a">Roméo et Juliette / Shakespeare ; traduction par Pierre Jean Jouve et Georges Pitoëff ; préface par Harley Granville-Barker ; notice par F. N. Lees ; bibliographie mise à jour en 2011 par Liliane Campos, DL 2011</subfield>
  </datafield>
  <datafield tag="810" ind1=" " ind2=" ">
    <subfield code="a">Le marchand de Venise / William Shakespeare ; traduction de Jean-Michel Déprats, impr. 2010</subfield>
  </datafield>
  <datafield tag="810" ind1=" " ind2=" ">
    <subfield code="a">Henry VIII / William Shakespeare ; traduction de l&apos;anglais par André du Bouchet ; postface de Jean-Baptiste de Seynes, impr. 2011</subfield>
  </datafield>
  <datafield tag="810" ind1=" " ind2=" ">
    <subfield code="6">a02</subfield>
    <subfield code="7">ba0yea0y</subfield>
    <subfield code="a">莎士比亞故事集 / 蘭姆著 ; 陳文瑞譯, 1997</subfield>
  </datafield>
  <datafield tag="810" ind1=" " ind2=" ">
    <subfield code="6">a02</subfield>
    <subfield code="7">ba0yba0a</subfield>
    <subfield code="a">Shashibiya gu shi ji / Lanmu zhu ; Chen Wenrui yi, 1997</subfield>
  </datafield>
  <datafield tag="900" ind1=" " ind2=" ">
    <subfield code="a">Shakespeare, William (1564-1616)</subfield>
  </datafield>
  <datafield tag="901" ind1=" " ind2=" ">
    <subfield code="a">Shakespear, William</subfield>
  </datafield>
  <datafield tag="901" ind1=" " ind2=" ">
    <subfield code="a">Shakespeare, Will</subfield>
  </datafield>
  <datafield tag="901" ind1=" " ind2=" ">
    <subfield code="a">Shakspeare, William</subfield>
  </datafield>
  <datafield tag="901" ind1=" " ind2=" ">
    <subfield code="a">Shakspere, William</subfield>
  </datafield>
  <datafield tag="901" ind1=" " ind2=" ">
    <subfield code="a">Szekspir, William</subfield>
  </datafield>
  <datafield tag="901" ind1=" " ind2=" ">
    <subfield code="a">Шекспир, Уильям</subfield>
  </datafield>
  <datafield tag="901" ind1=" " ind2=" ">
    <subfield code="6">01</subfield>
    <subfield code="7">ea</subfield>
    <subfield code="a">莎士比亞</subfield>
  </datafield>
  <datafield tag="901" ind1=" " ind2=" ">
    <subfield code="6">01</subfield>
    <subfield code="7">ea</subfield>
    <subfield code="a">Shashibiya</subfield>
  </datafield>
</record>