


<record>
  <leader>     cx  a22     3  45  </leader>
  <controlfield tag="001">027153347</controlfield>
  <controlfield tag="003">http://www.idref.fr/027153347</controlfield>
  <controlfield tag="004">19810303</controlfield>
  <controlfield tag="005">20190307113714.000</controlfield>
  <controlfield tag="006">0004</controlfield>
  <controlfield tag="007">543952226</controlfield>
  <controlfield tag="008">Tp5</controlfield>
  <datafield tag="010" ind1=" " ind2=" ">
    <subfield code="a">0000000108684759</subfield>
    <subfield code="2">BNF</subfield>
    <subfield code="d">20150918</subfield>
  </datafield>
  <datafield tag="033" ind1=" " ind2=" ">
    <subfield code="a">http://catalogue.bnf.fr/ark:/12148/cb11925884j</subfield>
    <subfield code="2">BNF</subfield>
    <subfield code="d">20150918</subfield>
  </datafield>
  <datafield tag="035" ind1=" " ind2=" ">
    <subfield code="a">027725251</subfield>
    <subfield code="9">sudoc</subfield>
  </datafield>
  <datafield tag="035" ind1=" " ind2=" ">
    <subfield code="a">frBN002046338</subfield>
  </datafield>
  <datafield tag="035" ind1=" " ind2=" ">
    <subfield code="a">frBN001393108</subfield>
  </datafield>
  <datafield tag="035" ind1=" " ind2=" ">
    <subfield code="a">FRBNF119258841</subfield>
    <subfield code="z">FRBNF11925884</subfield>
  </datafield>
  <datafield tag="100" ind1=" " ind2=" ">
    <subfield code="a">19810303afrey50      ba0</subfield>
  </datafield>
  <datafield tag="101" ind1=" " ind2=" ">
    <subfield code="a">ara</subfield>
  </datafield>
  <datafield tag="102" ind1=" " ind2=" ">
    <subfield code="a">IR</subfield>
    <subfield code="a">IQ</subfield>
  </datafield>
  <datafield tag="103" ind1=" " ind2=" ">
    <subfield code="a"> 0839    ?</subfield>
    <subfield code="b"> 0923     </subfield>
  </datafield>
  <datafield tag="106" ind1=" " ind2=" ">
    <subfield code="a">0</subfield>
    <subfield code="b">1</subfield>
    <subfield code="c">0</subfield>
  </datafield>
  <datafield tag="120" ind1=" " ind2=" ">
    <subfield code="a">ba</subfield>
  </datafield>
  <datafield tag="152" ind1=" " ind2=" ">
    <subfield code="a">AFNOR</subfield>
  </datafield>
  <datafield tag="200" ind1=" " ind2="1">
    <subfield code="6">a01</subfield>
    <subfield code="7">ba0yfa1y</subfield>
    <subfield code="a">الطبري</subfield>
    <subfield code="b">محمد بن جرير بن يزيد </subfield>
    <subfield code="f">0839?-0923</subfield>
  </datafield>
  <datafield tag="200" ind1=" " ind2="1">
    <subfield code="6">a01</subfield>
    <subfield code="7">ba0yba0y</subfield>
    <subfield code="a">Ṭabarī</subfield>
    <subfield code="b">Muḥammad ibn Ǧarīr ibn Yazīd al-</subfield>
    <subfield code="f">0839?-0923</subfield>
  </datafield>
  <datafield tag="340" ind1=" " ind2=" ">
    <subfield code="7">ba0yba0y</subfield>
    <subfield code="a">Historien. Savant polygraphe. Né à Āmul dans la province de Ṭabaristān. Mort à Bagdad</subfield>
  </datafield>
  <datafield tag="400" ind1=" " ind2="0">
    <subfield code="7">ba0yba0y</subfield>
    <subfield code="9">#</subfield>
    <subfield code="a">طبرى</subfield>
  </datafield>
  <datafield tag="400" ind1=" " ind2="1">
    <subfield code="7">ba0yba0a</subfield>
    <subfield code="9">1</subfield>
    <subfield code="a">Tabarī</subfield>
  </datafield>
  <datafield tag="400" ind1=" " ind2="1">
    <subfield code="7">ba0yba0f</subfield>
    <subfield code="9">#</subfield>
    <subfield code="a">Ṭabarī</subfield>
    <subfield code="b">Abū Jaʿfar Moḥammad ibn Jarīr al-</subfield>
    <subfield code="f">0839?-0923</subfield>
  </datafield>
  <datafield tag="400" ind1=" " ind2="1">
    <subfield code="7">ba0yba0f</subfield>
    <subfield code="9">#</subfield>
    <subfield code="a">Ṭabarī</subfield>
    <subfield code="b">Muḥammad ibn Ǧarīr Abū Ǧaʿfar al-</subfield>
    <subfield code="f">0839?-0923</subfield>
  </datafield>
  <datafield tag="400" ind1=" " ind2="1">
    <subfield code="7">ba0yba0f</subfield>
    <subfield code="9">#</subfield>
    <subfield code="a">Ṭabarī</subfield>
    <subfield code="b">Abū Ǧaʿfar Muḥammad ibn Ǧarīr al-</subfield>
    <subfield code="f">0839?-0923</subfield>
  </datafield>
  <datafield tag="400" ind1=" " ind2="1">
    <subfield code="7">ba0yba0f</subfield>
    <subfield code="9">#</subfield>
    <subfield code="a">Tabari</subfield>
    <subfield code="b">Muhammad ibn Jarīr al-</subfield>
    <subfield code="f">0839?-0923</subfield>
  </datafield>
  <datafield tag="400" ind1=" " ind2="1">
    <subfield code="7">ba0yba0f</subfield>
    <subfield code="9">#</subfield>
    <subfield code="a">Tabarī</subfield>
    <subfield code="b">Abū Iaʿfar Moḥammad ibn Jarīr al-</subfield>
    <subfield code="f">0839?-0923</subfield>
  </datafield>
  <datafield tag="400" ind1=" " ind2="0">
    <subfield code="7">ba0yba0f</subfield>
    <subfield code="9">#</subfield>
    <subfield code="a">Muḥammad ibn Ǧarīr ibn Yazīd al-Ṭabarī</subfield>
    <subfield code="f">0839?-0923</subfield>
  </datafield>
  <datafield tag="400" ind1=" " ind2="0">
    <subfield code="7">ba0yba0f</subfield>
    <subfield code="9">#</subfield>
    <subfield code="a">Abū Ǧaʿfar al-Ṭabarī</subfield>
    <subfield code="f">0839?-0923</subfield>
  </datafield>
  <datafield tag="400" ind1=" " ind2="0">
    <subfield code="7">ba0yba0f</subfield>
    <subfield code="9">#</subfield>
    <subfield code="a">Abū Ǧaʿfar al-Ṭabarī</subfield>
    <subfield code="f">0839?-0923</subfield>
  </datafield>
  <datafield tag="400" ind1=" " ind2="0">
    <subfield code="7">ba0yba0f</subfield>
    <subfield code="9">#</subfield>
    <subfield code="a">Abu Dschaferi Mohammad ben Dscherir Ettaberi</subfield>
    <subfield code="f">0839?-0923</subfield>
  </datafield>
  <datafield tag="400" ind1=" " ind2="1">
    <subfield code="7">ba0yba0y</subfield>
    <subfield code="a">Tabari</subfield>
    <subfield code="b">Abou-Djafar-Mo‘hammed-Ben-Djarir-Ben-Yezid</subfield>
    <subfield code="f">0839?-0923</subfield>
  </datafield>
  <datafield tag="400" ind1=" " ind2="1">
    <subfield code="7">ba0yba0y</subfield>
    <subfield code="a">الطبري</subfield>
    <subfield code="b">أبو جعفر محمد بن جرير بن يزيد الآملي</subfield>
    <subfield code="f">0839?-0923</subfield>
  </datafield>
  <datafield tag="801" ind1=" " ind2="3">
    <subfield code="a">FR</subfield>
    <subfield code="b">Abes</subfield>
    <subfield code="c">20190307</subfield>
    <subfield code="g">AFNOR</subfield>
    <subfield code="h">027725251</subfield>
  </datafield>
  <datafield tag="810" ind1=" " ind2=" ">
    <subfield code="a">The History of al-Ṭabarī (Ta&apos;rīkh al-rusul wa&apos;l-mulūk). Volume II, Prophets and Patriarchs / translated and annotated by William M. Brinner, 1987</subfield>
  </datafield>
  <datafield tag="810" ind1=" " ind2=" ">
    <subfield code="a">Internet : http://catalogue.bnf.fr, 20090407</subfield>
  </datafield>
  <datafield tag="900" ind1=" " ind2=" ">
    <subfield code="6">01</subfield>
    <subfield code="7">ba</subfield>
    <subfield code="a">Ṭabarī, Muḥammad ibn Ǧarīr ibn Yazīd al- (0839?-0923)</subfield>
  </datafield>
  <datafield tag="900" ind1=" " ind2=" ">
    <subfield code="6">01</subfield>
    <subfield code="7">fa</subfield>
    <subfield code="a">الطبري, محمد بن جرير بن يزيد  (0839?-0923)</subfield>
  </datafield>
  <datafield tag="901" ind1=" " ind2=" ">
    <subfield code="a">طبرى</subfield>
  </datafield>
  <datafield tag="901" ind1=" " ind2=" ">
    <subfield code="a">Tabarī</subfield>
  </datafield>
  <datafield tag="901" ind1=" " ind2=" ">
    <subfield code="a">Ṭabarī, Abū Jaʿfar Moḥammad ibn Jarīr al- (0839?-0923)</subfield>
  </datafield>
  <datafield tag="901" ind1=" " ind2=" ">
    <subfield code="a">Ṭabarī, Muḥammad ibn Ǧarīr Abū Ǧaʿfar al- (0839?-0923)</subfield>
  </datafield>
  <datafield tag="901" ind1=" " ind2=" ">
    <subfield code="a">Ṭabarī, Abū Ǧaʿfar Muḥammad ibn Ǧarīr al- (0839?-0923)</subfield>
  </datafield>
  <datafield tag="901" ind1=" " ind2=" ">
    <subfield code="a">Tabari, Muhammad ibn Jarīr al- (0839?-0923)</subfield>
  </datafield>
  <datafield tag="901" ind1=" " ind2=" ">
    <subfield code="a">Tabarī, Abū Iaʿfar Moḥammad ibn Jarīr al- (0839?-0923)</subfield>
  </datafield>
  <datafield tag="901" ind1=" " ind2=" ">
    <subfield code="a">Muḥammad ibn Ǧarīr ibn Yazīd al-Ṭabarī (0839?-0923)</subfield>
  </datafield>
  <datafield tag="901" ind1=" " ind2=" ">
    <subfield code="a">Abū Ǧaʿfar al-Ṭabarī (0839?-0923)</subfield>
  </datafield>
  <datafield tag="901" ind1=" " ind2=" ">
    <subfield code="a">Abū Ǧaʿfar al-Ṭabarī (0839?-0923)</subfield>
  </datafield>
  <datafield tag="901" ind1=" " ind2=" ">
    <subfield code="a">Abu Dschaferi Mohammad ben Dscherir Ettaberi (0839?-0923)</subfield>
  </datafield>
  <datafield tag="901" ind1=" " ind2=" ">
    <subfield code="a">Tabari, Abou-Djafar-Mo‘hammed-Ben-Djarir-Ben-Yezid (0839?-0923)</subfield>
  </datafield>
  <datafield tag="901" ind1=" " ind2=" ">
    <subfield code="a">الطبري, أبو جعفر محمد بن جرير بن يزيد الآملي (0839?-0923)</subfield>
  </datafield>
</record>