


<record>
  <leader>     cx  a22     3  45  </leader>
  <controlfield tag="001">027164918</controlfield>
  <controlfield tag="003">http://www.idref.fr/027164918</controlfield>
  <controlfield tag="004">19750324</controlfield>
  <controlfield tag="005">20190507033240.000</controlfield>
  <controlfield tag="006">0004</controlfield>
  <controlfield tag="007">4994</controlfield>
  <controlfield tag="008">Tp5</controlfield>
  <datafield tag="010" ind1=" " ind2=" ">
    <subfield code="a">0000000121441970</subfield>
    <subfield code="2">BNF</subfield>
    <subfield code="d">20150918</subfield>
  </datafield>
  <datafield tag="033" ind1=" " ind2=" ">
    <subfield code="a">http://catalogue.bnf.fr/ark:/12148/cb12545196g</subfield>
    <subfield code="2">BNF</subfield>
    <subfield code="d">20150918</subfield>
  </datafield>
  <datafield tag="033" ind1=" " ind2=" ">
    <subfield code="a">http://catalogue.bnf.fr/ark:/12148/cb11926763j</subfield>
    <subfield code="2">BNF</subfield>
    <subfield code="d">20150918</subfield>
  </datafield>
  <datafield tag="035" ind1=" " ind2=" ">
    <subfield code="a">02733211X</subfield>
    <subfield code="9">sudoc</subfield>
  </datafield>
  <datafield tag="035" ind1=" " ind2=" ">
    <subfield code="a">077158040</subfield>
    <subfield code="9">sudoc</subfield>
  </datafield>
  <datafield tag="035" ind1=" " ind2=" ">
    <subfield code="a">086112570</subfield>
    <subfield code="9">sudoc</subfield>
  </datafield>
  <datafield tag="035" ind1=" " ind2=" ">
    <subfield code="a">frBN001416635</subfield>
  </datafield>
  <datafield tag="035" ind1=" " ind2=" ">
    <subfield code="a">012969555</subfield>
  </datafield>
  <datafield tag="035" ind1=" " ind2=" ">
    <subfield code="a">frBN001625414</subfield>
  </datafield>
  <datafield tag="035" ind1=" " ind2=" ">
    <subfield code="a">frBN012969555</subfield>
  </datafield>
  <datafield tag="035" ind1=" " ind2=" ">
    <subfield code="a">FRBNF125451962</subfield>
  </datafield>
  <datafield tag="035" ind1=" " ind2=" ">
    <subfield code="a">1498</subfield>
    <subfield code="2">PRELIB</subfield>
    <subfield code="d">20180612</subfield>
  </datafield>
  <datafield tag="035" ind1=" " ind2=" ">
    <subfield code="a">Q892</subfield>
    <subfield code="2">WIKIDATA</subfield>
    <subfield code="d">20180612</subfield>
  </datafield>
  <datafield tag="035" ind1=" " ind2=" ">
    <subfield code="a">FRBNF119267630</subfield>
    <subfield code="z">FRBNF11926763</subfield>
  </datafield>
  <datafield tag="100" ind1=" " ind2=" ">
    <subfield code="a">19750324afrey50      ba0</subfield>
  </datafield>
  <datafield tag="101" ind1=" " ind2=" ">
    <subfield code="a">eng</subfield>
  </datafield>
  <datafield tag="102" ind1=" " ind2=" ">
    <subfield code="a">GB</subfield>
  </datafield>
  <datafield tag="103" ind1=" " ind2=" ">
    <subfield code="a"> 18920103 </subfield>
    <subfield code="b"> 19730902 </subfield>
  </datafield>
  <datafield tag="106" ind1=" " ind2=" ">
    <subfield code="a">0</subfield>
    <subfield code="b">1</subfield>
    <subfield code="c">0</subfield>
  </datafield>
  <datafield tag="120" ind1=" " ind2=" ">
    <subfield code="a">ba</subfield>
  </datafield>
  <datafield tag="152" ind1=" " ind2=" ">
    <subfield code="a">AFNOR</subfield>
  </datafield>
  <datafield tag="200" ind1=" " ind2="1">
    <subfield code="7">ba0yba0y</subfield>
    <subfield code="8">freeng</subfield>
    <subfield code="9">0</subfield>
    <subfield code="a">Tolkien</subfield>
    <subfield code="b">John Ronald Reuel</subfield>
    <subfield code="f">1892-1973</subfield>
  </datafield>
  <datafield tag="340" ind1=" " ind2=" ">
    <subfield code="7">ba0yba0y</subfield>
    <subfield code="a">Professeur de langue et littérature anglaises à Oxford. Auteur de fantasy</subfield>
  </datafield>
  <datafield tag="400" ind1=" " ind2="1">
    <subfield code="7">ba0yba0y</subfield>
    <subfield code="8">freeng</subfield>
    <subfield code="9">#</subfield>
    <subfield code="a">Tolkien</subfield>
    <subfield code="b">J. R. R</subfield>
    <subfield code="f">1892-1973</subfield>
  </datafield>
  <datafield tag="400" ind1=" " ind2="1">
    <subfield code="7">ba0yba0y</subfield>
    <subfield code="8">freeng</subfield>
    <subfield code="9">#</subfield>
    <subfield code="a">Tolkien</subfield>
    <subfield code="b">JRR</subfield>
    <subfield code="f">1892-1973</subfield>
  </datafield>
  <datafield tag="500" ind1=" " ind2="1">
    <subfield code="3">02716490X</subfield>
    <subfield code="5">x|xhx</subfield>
    <subfield code="7">ba0yba0y</subfield>
    <subfield code="a">Tolkien</subfield>
    <subfield code="b">Christopher</subfield>
    <subfield code="f">1924-....</subfield>
  </datafield>
  <datafield tag="801" ind1=" " ind2="3">
    <subfield code="a">FR</subfield>
    <subfield code="b">Abes</subfield>
    <subfield code="c">20190507</subfield>
    <subfield code="g">AFNOR</subfield>
    <subfield code="h">02733211X</subfield>
  </datafield>
  <datafield tag="801" ind1=" " ind2="3">
    <subfield code="a">FR</subfield>
    <subfield code="b">Abes</subfield>
    <subfield code="c">20190507</subfield>
    <subfield code="g">AFNOR</subfield>
    <subfield code="h">077158040</subfield>
  </datafield>
  <datafield tag="801" ind1=" " ind2="3">
    <subfield code="a">FR</subfield>
    <subfield code="b">Abes</subfield>
    <subfield code="c">20190507</subfield>
    <subfield code="g">AFNOR</subfield>
    <subfield code="h">086112570</subfield>
  </datafield>
  <datafield tag="810" ind1=" " ind2=" ">
    <subfield code="a">Le seigneur des anneaux / J.R.R. Tolkien ; traduit de l&apos;anglais par Francis Ledoux ; illustré par Alan Lee, 1992</subfield>
  </datafield>
  <datafield tag="810" ind1=" " ind2=" ">
    <subfield code="a">Internet, https://fr.wikipedia.org/wiki/J._R._R._Tolkien (2016-04-27)</subfield>
    <subfield code="b">John Ronald Reuel Tolkien, plus connu sous la forme J. R. R. Tolkien, est un écrivain, poète, philologue et professeur d&apos;université anglais, né le 3 janvier 1892 à Bloemfontein et mort le 2 septembre 1973 à Bournemouth. Il est principalement connu pour ses romans &quot;Le Hobbit&quot; et &quot;Le Seigneur des anneaux&quot;.</subfield>
  </datafield>
  <datafield tag="900" ind1=" " ind2=" ">
    <subfield code="a">Tolkien, John Ronald Reuel (1892-1973)</subfield>
  </datafield>
  <datafield tag="901" ind1=" " ind2=" ">
    <subfield code="a">Tolkien, J. R. R (1892-1973)</subfield>
  </datafield>
  <datafield tag="901" ind1=" " ind2=" ">
    <subfield code="a">Tolkien, JRR (1892-1973)</subfield>
  </datafield>
</record>