


<record>
  <leader>     cx  a22     3  45  </leader>
  <controlfield tag="001">027180387</controlfield>
  <controlfield tag="003">http://www.idref.fr/027180387</controlfield>
  <controlfield tag="004">19750820</controlfield>
  <controlfield tag="005">20190507033240.000</controlfield>
  <controlfield tag="006">0004</controlfield>
  <controlfield tag="007">4994</controlfield>
  <controlfield tag="008">Tp5</controlfield>
  <datafield tag="010" ind1=" " ind2=" ">
    <subfield code="a">0000000120858790</subfield>
    <subfield code="2">BNF</subfield>
    <subfield code="d">20190507</subfield>
  </datafield>
  <datafield tag="033" ind1=" " ind2=" ">
    <subfield code="a">http://catalogue.bnf.fr/ark:/12148/cb11927913s</subfield>
    <subfield code="2">BNF</subfield>
    <subfield code="d">20150918</subfield>
  </datafield>
  <datafield tag="035" ind1=" " ind2=" ">
    <subfield code="a">03062830X</subfield>
    <subfield code="9">sudoc</subfield>
  </datafield>
  <datafield tag="035" ind1=" " ind2=" ">
    <subfield code="a">frBN007050746</subfield>
  </datafield>
  <datafield tag="035" ind1=" " ind2=" ">
    <subfield code="a">frBN002352413</subfield>
  </datafield>
  <datafield tag="035" ind1=" " ind2=" ">
    <subfield code="a">frBN001450274</subfield>
  </datafield>
  <datafield tag="035" ind1=" " ind2=" ">
    <subfield code="a">FRBNF119279134</subfield>
    <subfield code="z">FRBNF11927913</subfield>
  </datafield>
  <datafield tag="100" ind1=" " ind2=" ">
    <subfield code="a">19750820afrey50      ba0</subfield>
  </datafield>
  <datafield tag="101" ind1=" " ind2=" ">
    <subfield code="a">fre</subfield>
  </datafield>
  <datafield tag="102" ind1=" " ind2=" ">
    <subfield code="a">FR</subfield>
  </datafield>
  <datafield tag="103" ind1=" " ind2=" ">
    <subfield code="a"> 19020226 </subfield>
    <subfield code="b"> 19910610 </subfield>
  </datafield>
  <datafield tag="106" ind1=" " ind2=" ">
    <subfield code="a">0</subfield>
    <subfield code="b">#</subfield>
  </datafield>
  <datafield tag="120" ind1=" " ind2=" ">
    <subfield code="a">ba</subfield>
  </datafield>
  <datafield tag="152" ind1=" " ind2=" ">
    <subfield code="a">AFNOR</subfield>
  </datafield>
  <datafield tag="200" ind1=" " ind2="0">
    <subfield code="7">ba0yba0y</subfield>
    <subfield code="5">e|xxx</subfield>
    <subfield code="9">0</subfield>
    <subfield code="a">Vercors</subfield>
    <subfield code="f">1902-1991</subfield>
  </datafield>
  <datafield tag="300" ind1="0" ind2=" ">
    <subfield code="7">ba0yba0y</subfield>
    <subfield code="a">Dessinateur, écrivain, historien français. Fondateur des éditions de Minuit (en 1941)</subfield>
  </datafield>
  <datafield tag="330" ind1="0" ind2=" ">
    <subfield code="7">ba0yba0y</subfield>
    <subfield code="a">Utiliser &quot;Vercors&quot; comme point d&apos;accès aux notices bibliographiques décrivant les livres qu&apos;il a signés après 1942</subfield>
  </datafield>
  <datafield tag="400" ind1=" " ind2="1">
    <subfield code="7">ba0yba0y</subfield>
    <subfield code="9">1</subfield>
    <subfield code="a">Bruller</subfield>
    <subfield code="b">Jean</subfield>
  </datafield>
  <datafield tag="500" ind1=" " ind2=" ">
    <subfield code="3">028048903</subfield>
    <subfield code="7">ba0yba0y</subfield>
    <subfield code="a">Bruller</subfield>
    <subfield code="b">Jean</subfield>
    <subfield code="f">1902-1991</subfield>
  </datafield>
  <datafield tag="500" ind1=" " ind2=" ">
    <subfield code="3">08428661X</subfield>
    <subfield code="5">e|xxx</subfield>
    <subfield code="7">ba0yba0y</subfield>
    <subfield code="a">Mab</subfield>
    <subfield code="f">1954-...</subfield>
  </datafield>
  <datafield tag="801" ind1=" " ind2="3">
    <subfield code="a">FR</subfield>
    <subfield code="b">Abes</subfield>
    <subfield code="c">20190507</subfield>
    <subfield code="g">AFNOR</subfield>
    <subfield code="h">03062830X</subfield>
  </datafield>
  <datafield tag="810" ind1=" " ind2=" ">
    <subfield code="a">L&apos;Apogée de la République ou Moi, Aristide Briand : 1862-1932 : essai d&apos;autoportrait / Vercors, 1981. Bibliographie des éditions françaises clandestines imprimées aux Pays-bas pendant l&apos;occupation allemande : 1940-1945 / Dirk De Jong ; préf. de Vercors, 1947</subfield>
  </datafield>
  <datafield tag="810" ind1=" " ind2=" ">
    <subfield code="a">WW, France 1985-1986. Libération, 1991-03-21. Télérama, n°  2163, 1991-06-26</subfield>
  </datafield>
  <datafield tag="810" ind1=" " ind2=" ">
    <subfield code="a">BN APP, 1991-06-26. Livres Hebdo, 24, 1991</subfield>
  </datafield>
  <datafield tag="900" ind1=" " ind2=" ">
    <subfield code="a">Vercors (1902-1991)</subfield>
  </datafield>
  <datafield tag="901" ind1=" " ind2=" ">
    <subfield code="a">Bruller, Jean</subfield>
  </datafield>
</record>