


<record>
  <leader>     cx  a22     3  45  </leader>
  <controlfield tag="001">027192334</controlfield>
  <controlfield tag="003">http://www.idref.fr/027192334</controlfield>
  <controlfield tag="004">19790807</controlfield>
  <controlfield tag="005">20180207082451.000</controlfield>
  <controlfield tag="006">0004</controlfield>
  <controlfield tag="007">590092102</controlfield>
  <controlfield tag="008">Tp5</controlfield>
  <datafield tag="010" ind1=" " ind2=" ">
    <subfield code="a">0000000108964400</subfield>
    <subfield code="2">BNF</subfield>
    <subfield code="d">20150918</subfield>
  </datafield>
  <datafield tag="033" ind1=" " ind2=" ">
    <subfield code="a">http://catalogue.bnf.fr/ark:/12148/cb13900990d</subfield>
    <subfield code="2">BNF</subfield>
    <subfield code="d">20150918</subfield>
  </datafield>
  <datafield tag="035" ind1=" " ind2=" ">
    <subfield code="a">055308104</subfield>
    <subfield code="9">sudoc</subfield>
  </datafield>
  <datafield tag="035" ind1=" " ind2=" ">
    <subfield code="a">FRBNF119288432</subfield>
    <subfield code="z">FRBNF11928843</subfield>
  </datafield>
  <datafield tag="035" ind1=" " ind2=" ">
    <subfield code="a">frBN001474631</subfield>
  </datafield>
  <datafield tag="035" ind1=" " ind2=" ">
    <subfield code="a">frBN015329375</subfield>
  </datafield>
  <datafield tag="035" ind1=" " ind2=" ">
    <subfield code="a">FRBNF139009908</subfield>
    <subfield code="z">FRBNF13900990</subfield>
  </datafield>
  <datafield tag="100" ind1=" " ind2=" ">
    <subfield code="a">19790807afrey50      ba0</subfield>
  </datafield>
  <datafield tag="101" ind1=" " ind2=" ">
    <subfield code="a">mul</subfield>
  </datafield>
  <datafield tag="102" ind1=" " ind2=" ">
    <subfield code="a">US</subfield>
  </datafield>
  <datafield tag="103" ind1=" " ind2=" ">
    <subfield code="a"> 18760915 </subfield>
    <subfield code="b"> 19620217 </subfield>
  </datafield>
  <datafield tag="106" ind1=" " ind2=" ">
    <subfield code="a">0</subfield>
    <subfield code="b">1</subfield>
    <subfield code="c">0</subfield>
  </datafield>
  <datafield tag="120" ind1=" " ind2=" ">
    <subfield code="a">ba</subfield>
  </datafield>
  <datafield tag="152" ind1=" " ind2=" ">
    <subfield code="a">AFNOR</subfield>
  </datafield>
  <datafield tag="200" ind1=" " ind2="1">
    <subfield code="7">ba0yba0y</subfield>
    <subfield code="8">freeng</subfield>
    <subfield code="9">0</subfield>
    <subfield code="a">Walter</subfield>
    <subfield code="b">Bruno</subfield>
    <subfield code="f">1876-1962</subfield>
    <subfield code="c">musicien</subfield>
  </datafield>
  <datafield tag="340" ind1=" " ind2=" ">
    <subfield code="7">ba0yba0y</subfield>
    <subfield code="a">Chef d&apos;orchestre américain d&apos;origine allemande. Pianiste. Il a dirigé les plus grands orchestres internationaux et a dû fuir devant les nazis. En 1939, il part pour l&apos;Amérique, s&apos;installe en Californie et adopte la nationalité américaine</subfield>
  </datafield>
  <datafield tag="801" ind1=" " ind2="3">
    <subfield code="a">FR</subfield>
    <subfield code="b">Abes</subfield>
    <subfield code="c">20180207</subfield>
    <subfield code="g">AFNOR</subfield>
    <subfield code="h">055308104</subfield>
  </datafield>
  <datafield tag="810" ind1=" " ind2=" ">
    <subfield code="a">Gustav Mahler : Werk und Interpretation... / zusammengestellt und kommentiert von Rudolf Stephan ; mit einem Beitrag von Bruno Walter, 1979</subfield>
  </datafield>
  <datafield tag="810" ind1=" " ind2=" ">
    <subfield code="a">Dictionnaire biographique des musiciens / Baker, Slonimsky, 1995</subfield>
  </datafield>
  <datafield tag="900" ind1=" " ind2=" ">
    <subfield code="a">Walter, Bruno (1876-1962 ; musicien)</subfield>
  </datafield>
</record>