


<record>
  <leader>     cx  a22     3  45  </leader>
  <controlfield tag="001">027203786</controlfield>
  <controlfield tag="003">http://www.idref.fr/027203786</controlfield>
  <controlfield tag="004">19850622</controlfield>
  <controlfield tag="005">20190709131054.000</controlfield>
  <controlfield tag="006">0004</controlfield>
  <controlfield tag="007">751132108</controlfield>
  <controlfield tag="008">Tp5</controlfield>
  <datafield tag="033" ind1=" " ind2=" ">
    <subfield code="a">http://catalogue.bnf.fr/ark:/12148/cb11929676b</subfield>
    <subfield code="2">BNF</subfield>
    <subfield code="d">20150918</subfield>
  </datafield>
  <datafield tag="035" ind1=" " ind2=" ">
    <subfield code="a">027573524</subfield>
    <subfield code="9">sudoc</subfield>
  </datafield>
  <datafield tag="035" ind1=" " ind2=" ">
    <subfield code="a">frBN001877333</subfield>
  </datafield>
  <datafield tag="035" ind1=" " ind2=" ">
    <subfield code="a">frBN001499257</subfield>
  </datafield>
  <datafield tag="035" ind1=" " ind2=" ">
    <subfield code="a">FRBNF119296767</subfield>
    <subfield code="z">FRBNF11929676</subfield>
  </datafield>
  <datafield tag="100" ind1=" " ind2=" ">
    <subfield code="a">19850622afrey50      ba0</subfield>
  </datafield>
  <datafield tag="101" ind1=" " ind2=" ">
    <subfield code="a">chi</subfield>
  </datafield>
  <datafield tag="102" ind1=" " ind2=" ">
    <subfield code="a">CN</subfield>
  </datafield>
  <datafield tag="103" ind1=" " ind2=" ">
    <subfield code="a"> 11301018 </subfield>
    <subfield code="b"> 12000423 </subfield>
  </datafield>
  <datafield tag="106" ind1=" " ind2=" ">
    <subfield code="a">0</subfield>
    <subfield code="b">1</subfield>
    <subfield code="c">0</subfield>
  </datafield>
  <datafield tag="120" ind1=" " ind2=" ">
    <subfield code="a">ba</subfield>
  </datafield>
  <datafield tag="152" ind1=" " ind2=" ">
    <subfield code="a">AFNOR</subfield>
  </datafield>
  <datafield tag="200" ind1=" " ind2="1">
    <subfield code="6">a01</subfield>
    <subfield code="7">ba0yea0y</subfield>
    <subfield code="9">0</subfield>
    <subfield code="a">朱</subfield>
    <subfield code="b">熹</subfield>
    <subfield code="f">1130-1200</subfield>
  </datafield>
  <datafield tag="200" ind1=" " ind2="1">
    <subfield code="6">a01</subfield>
    <subfield code="7">ba0yba0a</subfield>
    <subfield code="9">0</subfield>
    <subfield code="a">Zhu</subfield>
    <subfield code="b">Xi</subfield>
    <subfield code="f">1130-1200</subfield>
  </datafield>
  <datafield tag="340" ind1=" " ind2=" ">
    <subfield code="7">ba0yba0y</subfield>
    <subfield code="a">Fondateur de la philosophie naturaliste connue sous le nom de néo-confucianisme, penseur, philosophe, pédagogue, poète de la dynastie Song du Sud</subfield>
  </datafield>
  <datafield tag="400" ind1=" " ind2="0">
    <subfield code="7">ba0yba0y</subfield>
    <subfield code="9">#</subfield>
    <subfield code="a">Zhu Xi</subfield>
  </datafield>
  <datafield tag="400" ind1=" " ind2="0">
    <subfield code="7">ba0yba0y</subfield>
    <subfield code="9">#</subfield>
    <subfield code="a">Chu Hsi</subfield>
  </datafield>
  <datafield tag="400" ind1=" " ind2="1">
    <subfield code="7">ba0yba0y</subfield>
    <subfield code="9">#</subfield>
    <subfield code="a">Chu</subfield>
    <subfield code="b">Hsi</subfield>
  </datafield>
  <datafield tag="400" ind1=" " ind2="0">
    <subfield code="7">ba0yba0y</subfield>
    <subfield code="9">#</subfield>
    <subfield code="a">Tchou Hi</subfield>
  </datafield>
  <datafield tag="400" ind1=" " ind2="0">
    <subfield code="7">ba0yba0y</subfield>
    <subfield code="9">#</subfield>
    <subfield code="a">Chou Hi</subfield>
  </datafield>
  <datafield tag="400" ind1=" " ind2="0">
    <subfield code="7">ba0yba0y</subfield>
    <subfield code="9">#</subfield>
    <subfield code="a">Chu-tzu</subfield>
  </datafield>
  <datafield tag="400" ind1=" " ind2="1">
    <subfield code="7">ba0yba0y</subfield>
    <subfield code="9">#</subfield>
    <subfield code="a">Chu</subfield>
    <subfield code="b">Fu-tzu</subfield>
  </datafield>
  <datafield tag="400" ind1=" " ind2="0">
    <subfield code="7">ba0yba0y</subfield>
    <subfield code="9">#</subfield>
    <subfield code="a">Tshou-Hi</subfield>
  </datafield>
  <datafield tag="400" ind1=" " ind2="1">
    <subfield code="7">ba0yba0y</subfield>
    <subfield code="9">#</subfield>
    <subfield code="a">Zhu</subfield>
    <subfield code="b">Xi</subfield>
  </datafield>
  <datafield tag="400" ind1=" " ind2="1">
    <subfield code="7">ba0yba0y</subfield>
    <subfield code="9">#</subfield>
    <subfield code="a">Chu</subfield>
    <subfield code="b">Hsi</subfield>
  </datafield>
  <datafield tag="400" ind1=" " ind2="1">
    <subfield code="7">ba0yba0y</subfield>
    <subfield code="9">#</subfield>
    <subfield code="a">Chu</subfield>
    <subfield code="b">Hsi</subfield>
  </datafield>
  <datafield tag="400" ind1=" " ind2="0">
    <subfield code="7">ba0yba0y</subfield>
    <subfield code="9">#</subfield>
    <subfield code="a">Tchou Hi</subfield>
  </datafield>
  <datafield tag="400" ind1=" " ind2="0">
    <subfield code="7">ba0yba0y</subfield>
    <subfield code="9">#</subfield>
    <subfield code="a">Chou Hi</subfield>
  </datafield>
  <datafield tag="400" ind1=" " ind2="0">
    <subfield code="7">ba0yba0y</subfield>
    <subfield code="9">#</subfield>
    <subfield code="a">Chu-tzu</subfield>
  </datafield>
  <datafield tag="400" ind1=" " ind2="1">
    <subfield code="7">ba0yba0y</subfield>
    <subfield code="9">#</subfield>
    <subfield code="a">Chu</subfield>
    <subfield code="b">Fu-tzu</subfield>
  </datafield>
  <datafield tag="400" ind1=" " ind2="0">
    <subfield code="7">ba0yba0y</subfield>
    <subfield code="9">#</subfield>
    <subfield code="a">Tshou-Hi</subfield>
  </datafield>
  <datafield tag="400" ind1=" " ind2="1">
    <subfield code="6">a02</subfield>
    <subfield code="7">ba0yea0y</subfield>
    <subfield code="9">#</subfield>
    <subfield code="a">朱</subfield>
    <subfield code="b">文公</subfield>
  </datafield>
  <datafield tag="400" ind1=" " ind2="1">
    <subfield code="6">a02</subfield>
    <subfield code="7">ba0yba0a</subfield>
    <subfield code="9">#</subfield>
    <subfield code="a">Zhu</subfield>
    <subfield code="b">Wengong</subfield>
  </datafield>
  <datafield tag="400" ind1=" " ind2="1">
    <subfield code="6">a03</subfield>
    <subfield code="7">ba0yea0y</subfield>
    <subfield code="9">#</subfield>
    <subfield code="a">朱</subfield>
    <subfield code="b">沋郎</subfield>
  </datafield>
  <datafield tag="400" ind1=" " ind2="1">
    <subfield code="6">a03</subfield>
    <subfield code="7">ba0yba0a</subfield>
    <subfield code="9">#</subfield>
    <subfield code="a">Zhu</subfield>
    <subfield code="b">Youlang</subfield>
  </datafield>
  <datafield tag="400" ind1=" " ind2="1">
    <subfield code="6">a04</subfield>
    <subfield code="7">ba0yea0y</subfield>
    <subfield code="9">#</subfield>
    <subfield code="a">朱</subfield>
    <subfield code="b">季延</subfield>
  </datafield>
  <datafield tag="400" ind1=" " ind2="1">
    <subfield code="6">a04</subfield>
    <subfield code="7">ba0yba0a</subfield>
    <subfield code="9">#</subfield>
    <subfield code="a">Zhu</subfield>
    <subfield code="b">Liyan</subfield>
  </datafield>
  <datafield tag="400" ind1=" " ind2="1">
    <subfield code="6">a05</subfield>
    <subfield code="7">ba0yea0y</subfield>
    <subfield code="9">#</subfield>
    <subfield code="a">朱</subfield>
    <subfield code="b">元晦</subfield>
  </datafield>
  <datafield tag="400" ind1=" " ind2="1">
    <subfield code="6">a05</subfield>
    <subfield code="7">ba0yba0a</subfield>
    <subfield code="9">#</subfield>
    <subfield code="a">Zhu</subfield>
    <subfield code="b">Yuanhui</subfield>
  </datafield>
  <datafield tag="400" ind1=" " ind2="1">
    <subfield code="6">a06</subfield>
    <subfield code="7">ba0yea0y</subfield>
    <subfield code="9">#</subfield>
    <subfield code="a">朱</subfield>
    <subfield code="b">仲晦</subfield>
  </datafield>
  <datafield tag="400" ind1=" " ind2="1">
    <subfield code="6">a06</subfield>
    <subfield code="7">ba0yba0a</subfield>
    <subfield code="9">#</subfield>
    <subfield code="a">Zhu</subfield>
    <subfield code="b">Zhonghui</subfield>
  </datafield>
  <datafield tag="400" ind1=" " ind2="1">
    <subfield code="6">a07</subfield>
    <subfield code="7">ba0yea0y</subfield>
    <subfield code="9">#</subfield>
    <subfield code="a">朱</subfield>
    <subfield code="b">晦翁</subfield>
  </datafield>
  <datafield tag="400" ind1=" " ind2="1">
    <subfield code="6">a07</subfield>
    <subfield code="7">ba0yba0a</subfield>
    <subfield code="9">#</subfield>
    <subfield code="a">Zhu</subfield>
    <subfield code="b">Huigeng</subfield>
  </datafield>
  <datafield tag="400" ind1=" " ind2="0">
    <subfield code="6">a08</subfield>
    <subfield code="7">ba0yea0y</subfield>
    <subfield code="9">#</subfield>
    <subfield code="a">紫阳先生</subfield>
  </datafield>
  <datafield tag="400" ind1=" " ind2="0">
    <subfield code="6">a08</subfield>
    <subfield code="7">ba0yba0a</subfield>
    <subfield code="9">#</subfield>
    <subfield code="a">Ziyang xian sheng</subfield>
  </datafield>
  <datafield tag="400" ind1=" " ind2="0">
    <subfield code="6">a09</subfield>
    <subfield code="7">ba0yea0y</subfield>
    <subfield code="9">#</subfield>
    <subfield code="a">考亭先生</subfield>
  </datafield>
  <datafield tag="400" ind1=" " ind2="0">
    <subfield code="6">a09</subfield>
    <subfield code="7">ba0yba0a</subfield>
    <subfield code="9">#</subfield>
    <subfield code="a">Kao ting xian sheng</subfield>
  </datafield>
  <datafield tag="400" ind1=" " ind2="0">
    <subfield code="6">a10</subfield>
    <subfield code="7">ba0yea0y</subfield>
    <subfield code="9">#</subfield>
    <subfield code="a">沧州病叟</subfield>
  </datafield>
  <datafield tag="400" ind1=" " ind2="0">
    <subfield code="6">a10</subfield>
    <subfield code="7">ba0yba0a</subfield>
    <subfield code="9">#</subfield>
    <subfield code="a">Cangzhou bing sou</subfield>
  </datafield>
  <datafield tag="400" ind1=" " ind2="0">
    <subfield code="6">a11</subfield>
    <subfield code="7">ba0yea0y</subfield>
    <subfield code="9">#</subfield>
    <subfield code="a">云谷老人</subfield>
  </datafield>
  <datafield tag="400" ind1=" " ind2="0">
    <subfield code="6">a11</subfield>
    <subfield code="7">ba0yba0a</subfield>
    <subfield code="9">#</subfield>
    <subfield code="a">Yun gu lao ren</subfield>
  </datafield>
  <datafield tag="400" ind1=" " ind2="0">
    <subfield code="6">a12</subfield>
    <subfield code="7">ba0yea0y</subfield>
    <subfield code="9">#</subfield>
    <subfield code="a">云谷逆翁</subfield>
  </datafield>
  <datafield tag="400" ind1=" " ind2="0">
    <subfield code="6">a12</subfield>
    <subfield code="7">ba0yba0a</subfield>
    <subfield code="9">#</subfield>
    <subfield code="a">Yun gu ni weng</subfield>
  </datafield>
  <datafield tag="400" ind1=" " ind2="0">
    <subfield code="6">a13</subfield>
    <subfield code="7">ba0yea0y</subfield>
    <subfield code="9">#</subfield>
    <subfield code="a">朱熹</subfield>
  </datafield>
  <datafield tag="400" ind1=" " ind2="0">
    <subfield code="6">a13</subfield>
    <subfield code="7">ba0yba0a</subfield>
    <subfield code="9">#</subfield>
    <subfield code="a">Zhu Xi</subfield>
  </datafield>
  <datafield tag="530" ind1=" " ind2=" ">
    <subfield code="0">A compilé</subfield>
    <subfield code="3">035587660</subfield>
    <subfield code="5">z|xxx</subfield>
    <subfield code="7">ba0yba0y</subfield>
    <subfield code="a">Si shu</subfield>
  </datafield>
  <datafield tag="801" ind1=" " ind2="3">
    <subfield code="a">FR</subfield>
    <subfield code="b">Abes</subfield>
    <subfield code="c">20190709</subfield>
    <subfield code="g">AFNOR</subfield>
    <subfield code="h">027573524</subfield>
  </datafield>
  <datafield tag="810" ind1=" " ind2=" ">
    <subfield code="a">Chu Hsi and the Ta-hsueh / D. K. Gardner, 1986</subfield>
  </datafield>
  <datafield tag="810" ind1=" " ind2=" ">
    <subfield code="a">http://baike.baidu.com consulté le 03-12-2013</subfield>
    <subfield code="b">En chinois : Zhu Xi, aussi connu sur les noms de Zhu Wengong, Zhu Youlang, Zhu Liyan, Zhu Yuanhui, Zhu Zhonghui, Zhu Huigeng, Ziyang xian sheng, Kao ting xian sheng, Cangzhou bing sou,  Yun gu lao ren, Yun gu ni weng, né le 15 septembre 1130 dans la province du Jiangxi, mort le 23 avril 1200, spécialiste du  néoconfucianisme, penseur, philosophe, pédagogue, poète de la dynastie Song du Sud</subfield>
  </datafield>
  <datafield tag="900" ind1=" " ind2=" ">
    <subfield code="6">01</subfield>
    <subfield code="7">ba</subfield>
    <subfield code="a">Zhu, Xi (1130-1200)</subfield>
  </datafield>
  <datafield tag="900" ind1=" " ind2=" ">
    <subfield code="6">01</subfield>
    <subfield code="7">ea</subfield>
    <subfield code="a">朱, 熹 (1130-1200)</subfield>
  </datafield>
  <datafield tag="901" ind1=" " ind2=" ">
    <subfield code="a">Zhu Xi</subfield>
  </datafield>
  <datafield tag="901" ind1=" " ind2=" ">
    <subfield code="a">Chu Hsi</subfield>
  </datafield>
  <datafield tag="901" ind1=" " ind2=" ">
    <subfield code="a">Chu, Hsi</subfield>
  </datafield>
  <datafield tag="901" ind1=" " ind2=" ">
    <subfield code="a">Tchou Hi</subfield>
  </datafield>
  <datafield tag="901" ind1=" " ind2=" ">
    <subfield code="a">Chou Hi</subfield>
  </datafield>
  <datafield tag="901" ind1=" " ind2=" ">
    <subfield code="a">Chu-tzu</subfield>
  </datafield>
  <datafield tag="901" ind1=" " ind2=" ">
    <subfield code="a">Chu, Fu-tzu</subfield>
  </datafield>
  <datafield tag="901" ind1=" " ind2=" ">
    <subfield code="a">Tshou-Hi</subfield>
  </datafield>
  <datafield tag="901" ind1=" " ind2=" ">
    <subfield code="a">Zhu, Xi</subfield>
  </datafield>
  <datafield tag="901" ind1=" " ind2=" ">
    <subfield code="a">Chu, Hsi</subfield>
  </datafield>
  <datafield tag="901" ind1=" " ind2=" ">
    <subfield code="a">Chu, Hsi</subfield>
  </datafield>
  <datafield tag="901" ind1=" " ind2=" ">
    <subfield code="a">Tchou Hi</subfield>
  </datafield>
  <datafield tag="901" ind1=" " ind2=" ">
    <subfield code="a">Chou Hi</subfield>
  </datafield>
  <datafield tag="901" ind1=" " ind2=" ">
    <subfield code="a">Chu-tzu</subfield>
  </datafield>
  <datafield tag="901" ind1=" " ind2=" ">
    <subfield code="a">Chu, Fu-tzu</subfield>
  </datafield>
  <datafield tag="901" ind1=" " ind2=" ">
    <subfield code="a">Tshou-Hi</subfield>
  </datafield>
  <datafield tag="901" ind1=" " ind2=" ">
    <subfield code="6">02</subfield>
    <subfield code="7">ea</subfield>
    <subfield code="a">朱, 文公</subfield>
  </datafield>
  <datafield tag="901" ind1=" " ind2=" ">
    <subfield code="6">02</subfield>
    <subfield code="7">ba</subfield>
    <subfield code="a">Zhu, Wengong</subfield>
  </datafield>
  <datafield tag="901" ind1=" " ind2=" ">
    <subfield code="6">03</subfield>
    <subfield code="7">ea</subfield>
    <subfield code="a">朱, 沋郎</subfield>
  </datafield>
  <datafield tag="901" ind1=" " ind2=" ">
    <subfield code="6">03</subfield>
    <subfield code="7">ba</subfield>
    <subfield code="a">Zhu, Youlang</subfield>
  </datafield>
  <datafield tag="901" ind1=" " ind2=" ">
    <subfield code="6">04</subfield>
    <subfield code="7">ea</subfield>
    <subfield code="a">朱, 季延</subfield>
  </datafield>
  <datafield tag="901" ind1=" " ind2=" ">
    <subfield code="6">04</subfield>
    <subfield code="7">ba</subfield>
    <subfield code="a">Zhu, Liyan</subfield>
  </datafield>
  <datafield tag="901" ind1=" " ind2=" ">
    <subfield code="6">05</subfield>
    <subfield code="7">ea</subfield>
    <subfield code="a">朱, 元晦</subfield>
  </datafield>
  <datafield tag="901" ind1=" " ind2=" ">
    <subfield code="6">05</subfield>
    <subfield code="7">ba</subfield>
    <subfield code="a">Zhu, Yuanhui</subfield>
  </datafield>
  <datafield tag="901" ind1=" " ind2=" ">
    <subfield code="6">06</subfield>
    <subfield code="7">ea</subfield>
    <subfield code="a">朱, 仲晦</subfield>
  </datafield>
  <datafield tag="901" ind1=" " ind2=" ">
    <subfield code="6">06</subfield>
    <subfield code="7">ba</subfield>
    <subfield code="a">Zhu, Zhonghui</subfield>
  </datafield>
  <datafield tag="901" ind1=" " ind2=" ">
    <subfield code="6">07</subfield>
    <subfield code="7">ea</subfield>
    <subfield code="a">朱, 晦翁</subfield>
  </datafield>
  <datafield tag="901" ind1=" " ind2=" ">
    <subfield code="6">07</subfield>
    <subfield code="7">ba</subfield>
    <subfield code="a">Zhu, Huigeng</subfield>
  </datafield>
  <datafield tag="901" ind1=" " ind2=" ">
    <subfield code="6">08</subfield>
    <subfield code="7">ea</subfield>
    <subfield code="a">紫阳先生</subfield>
  </datafield>
  <datafield tag="901" ind1=" " ind2=" ">
    <subfield code="6">08</subfield>
    <subfield code="7">ba</subfield>
    <subfield code="a">Ziyang xian sheng</subfield>
  </datafield>
  <datafield tag="901" ind1=" " ind2=" ">
    <subfield code="6">09</subfield>
    <subfield code="7">ea</subfield>
    <subfield code="a">考亭先生</subfield>
  </datafield>
  <datafield tag="901" ind1=" " ind2=" ">
    <subfield code="6">09</subfield>
    <subfield code="7">ba</subfield>
    <subfield code="a">Kao ting xian sheng</subfield>
  </datafield>
  <datafield tag="901" ind1=" " ind2=" ">
    <subfield code="6">10</subfield>
    <subfield code="7">ea</subfield>
    <subfield code="a">沧州病叟</subfield>
  </datafield>
  <datafield tag="901" ind1=" " ind2=" ">
    <subfield code="6">10</subfield>
    <subfield code="7">ba</subfield>
    <subfield code="a">Cangzhou bing sou</subfield>
  </datafield>
  <datafield tag="901" ind1=" " ind2=" ">
    <subfield code="6">11</subfield>
    <subfield code="7">ea</subfield>
    <subfield code="a">云谷老人</subfield>
  </datafield>
  <datafield tag="901" ind1=" " ind2=" ">
    <subfield code="6">11</subfield>
    <subfield code="7">ba</subfield>
    <subfield code="a">Yun gu lao ren</subfield>
  </datafield>
  <datafield tag="901" ind1=" " ind2=" ">
    <subfield code="6">12</subfield>
    <subfield code="7">ea</subfield>
    <subfield code="a">云谷逆翁</subfield>
  </datafield>
  <datafield tag="901" ind1=" " ind2=" ">
    <subfield code="6">12</subfield>
    <subfield code="7">ba</subfield>
    <subfield code="a">Yun gu ni weng</subfield>
  </datafield>
  <datafield tag="901" ind1=" " ind2=" ">
    <subfield code="6">13</subfield>
    <subfield code="7">ea</subfield>
    <subfield code="a">朱熹</subfield>
  </datafield>
  <datafield tag="901" ind1=" " ind2=" ">
    <subfield code="6">13</subfield>
    <subfield code="7">ba</subfield>
    <subfield code="a">Zhu Xi</subfield>
  </datafield>
</record>