


<record>
  <leader>     cx  a22     3  45  </leader>
  <controlfield tag="001">027208362</controlfield>
  <controlfield tag="003">http://www.idref.fr/027208362</controlfield>
  <controlfield tag="004">19850522</controlfield>
  <controlfield tag="005">20171124031036.000</controlfield>
  <controlfield tag="006">0004</controlfield>
  <controlfield tag="007">4994</controlfield>
  <controlfield tag="008">Tp5</controlfield>
  <datafield tag="010" ind1=" " ind2=" ">
    <subfield code="a">0000000391961028</subfield>
    <subfield code="2">BNF</subfield>
    <subfield code="d">20171123</subfield>
  </datafield>
  <datafield tag="033" ind1=" " ind2=" ">
    <subfield code="a">http://catalogue.bnf.fr/ark:/12148/cb119300385</subfield>
    <subfield code="2">BNF</subfield>
    <subfield code="d">20150918</subfield>
  </datafield>
  <datafield tag="035" ind1=" " ind2=" ">
    <subfield code="a">027933601</subfield>
    <subfield code="9">sudoc</subfield>
  </datafield>
  <datafield tag="035" ind1=" " ind2=" ">
    <subfield code="a">frBN001504932</subfield>
  </datafield>
  <datafield tag="035" ind1=" " ind2=" ">
    <subfield code="a">frBN002255455</subfield>
  </datafield>
  <datafield tag="035" ind1=" " ind2=" ">
    <subfield code="a">FRBNF119300386</subfield>
    <subfield code="z">FRBNF11930038</subfield>
  </datafield>
  <datafield tag="100" ind1=" " ind2=" ">
    <subfield code="a">19850522afrey50      ba0</subfield>
  </datafield>
  <datafield tag="101" ind1=" " ind2=" ">
    <subfield code="a">grc</subfield>
  </datafield>
  <datafield tag="102" ind1=" " ind2=" ">
    <subfield code="a">GR</subfield>
  </datafield>
  <datafield tag="103" ind1=" " ind2=" ">
    <subfield code="a">-0110    ?</subfield>
    <subfield code="b">-0028    ?</subfield>
  </datafield>
  <datafield tag="106" ind1=" " ind2=" ">
    <subfield code="a">0</subfield>
    <subfield code="b">1</subfield>
    <subfield code="c">0</subfield>
  </datafield>
  <datafield tag="120" ind1=" " ind2=" ">
    <subfield code="a">ba</subfield>
  </datafield>
  <datafield tag="152" ind1=" " ind2=" ">
    <subfield code="a">AFNOR</subfield>
  </datafield>
  <datafield tag="200" ind1=" " ind2="0">
    <subfield code="7">ba0yba0y</subfield>
    <subfield code="8">frefre</subfield>
    <subfield code="9">1</subfield>
    <subfield code="a">Philodème</subfield>
    <subfield code="f">0110?-0028? av. J.-C.</subfield>
  </datafield>
  <datafield tag="340" ind1=" " ind2=" ">
    <subfield code="7">ba0yba0y</subfield>
    <subfield code="a">Philosophe grec de l&apos;école épicurienne, disciple de Zénon de Sidon. Également auteur d&apos;épigrammes et d&apos;ouvrages sur la musique et la poésie. Sans doute né à Gadara, centre culturel hellénistique. Il vint à Rome en 70 av. J.-C., mais vécut surtout à Naples</subfield>
  </datafield>
  <datafield tag="400" ind1=" " ind2="0">
    <subfield code="7">ba0yba0y</subfield>
    <subfield code="8">frelat</subfield>
    <subfield code="9">#</subfield>
    <subfield code="a">Philodemus</subfield>
  </datafield>
  <datafield tag="400" ind1=" " ind2="0">
    <subfield code="7">ba0yba0a</subfield>
    <subfield code="8">fregrc</subfield>
    <subfield code="9">#</subfield>
    <subfield code="a">Filódīmos</subfield>
  </datafield>
  <datafield tag="400" ind1=" " ind2="0">
    <subfield code="7">ba0yba0b</subfield>
    <subfield code="8">fregrc</subfield>
    <subfield code="9">#</subfield>
    <subfield code="a">Filódēmos</subfield>
  </datafield>
  <datafield tag="400" ind1=" " ind2="0">
    <subfield code="7">ba0yba0y</subfield>
    <subfield code="8">fregrc</subfield>
    <subfield code="9">#</subfield>
    <subfield code="a">Filodêmos</subfield>
  </datafield>
  <datafield tag="400" ind1=" " ind2="0">
    <subfield code="7">ba0yba0y</subfield>
    <subfield code="8">freita</subfield>
    <subfield code="9">#</subfield>
    <subfield code="a">Filodemo</subfield>
  </datafield>
  <datafield tag="400" ind1=" " ind2="0">
    <subfield code="7">ba0yba0y</subfield>
    <subfield code="8">frefre</subfield>
    <subfield code="a">Philodème de Gadara</subfield>
  </datafield>
  <datafield tag="530" ind1=" " ind2=" ">
    <subfield code="3">032105916</subfield>
    <subfield code="7">ba0yba0y</subfield>
    <subfield code="a">Collection des philosophes</subfield>
  </datafield>
  <datafield tag="700" ind1=" " ind2="0">
    <subfield code="7">ba0yba0y</subfield>
    <subfield code="8">frelat</subfield>
    <subfield code="9">0</subfield>
    <subfield code="a">Philodemus Gadarensis</subfield>
    <subfield code="f">0110?-0028? av. J.-C.</subfield>
  </datafield>
  <datafield tag="801" ind1=" " ind2="3">
    <subfield code="a">FR</subfield>
    <subfield code="b">Abes</subfield>
    <subfield code="c">20171124</subfield>
    <subfield code="g">AFNOR</subfield>
    <subfield code="h">027933601</subfield>
  </datafield>
  <datafield tag="810" ind1=" " ind2=" ">
    <subfield code="a">Il quinto libro della &quot;Poetica&quot; : PHerc. 1425 e 1538 / Filodemo ; ed., trad. e comment. a cura di Cecilia Mangoni, 1993</subfield>
  </datafield>
  <datafield tag="810" ind1=" " ind2=" ">
    <subfield code="a">GDEL</subfield>
  </datafield>
  <datafield tag="810" ind1=" " ind2=" ">
    <subfield code="a">Dictionnaire des auteurs grecs et latins de l&apos;Antiquité et du Moyen âge / Wolfgang Buchwald, Armin Hohlweg, Otto Prinz ; trad. et mis à jour par Jean Denis Berger et Jacques Billen, 1991</subfield>
    <subfield code="b">Philodème</subfield>
  </datafield>
  <datafield tag="810" ind1=" " ind2=" ">
    <subfield code="a">Clavis SGL</subfield>
    <subfield code="b">Philodemus Gadarensis, ca 110-ca 40 AC</subfield>
  </datafield>
  <datafield tag="810" ind1=" " ind2=" ">
    <subfield code="a">BN Cat. gén.</subfield>
    <subfield code="b">Philodème</subfield>
  </datafield>
  <datafield tag="810" ind1=" " ind2=" ">
    <subfield code="a">BN Cat. gén. 1960-1969</subfield>
    <subfield code="b">Philodemus</subfield>
  </datafield>
  <datafield tag="900" ind1=" " ind2=" ">
    <subfield code="a">Philodème (0110?-0028? av. J.-C.)</subfield>
  </datafield>
  <datafield tag="901" ind1=" " ind2=" ">
    <subfield code="a">Philodemus</subfield>
  </datafield>
  <datafield tag="901" ind1=" " ind2=" ">
    <subfield code="a">Filódīmos</subfield>
  </datafield>
  <datafield tag="901" ind1=" " ind2=" ">
    <subfield code="a">Filódēmos</subfield>
  </datafield>
  <datafield tag="901" ind1=" " ind2=" ">
    <subfield code="a">Filodêmos</subfield>
  </datafield>
  <datafield tag="901" ind1=" " ind2=" ">
    <subfield code="a">Filodemo</subfield>
  </datafield>
  <datafield tag="901" ind1=" " ind2=" ">
    <subfield code="a">Philodème de Gadara</subfield>
  </datafield>
  <datafield tag="902" ind1=" " ind2=" ">
    <subfield code="a">Philodemus Gadarensis (0110?-0028? av. J.-C.)</subfield>
  </datafield>
</record>