


<record>
  <leader>     cx  a22     3  45  </leader>
  <controlfield tag="001">027385116</controlfield>
  <controlfield tag="003">http://www.idref.fr/027385116</controlfield>
  <controlfield tag="004">19820405</controlfield>
  <controlfield tag="005">20160523165520.000</controlfield>
  <controlfield tag="006">0004</controlfield>
  <controlfield tag="007">751062112</controlfield>
  <controlfield tag="008">Tp5</controlfield>
  <datafield tag="010" ind1=" " ind2=" ">
    <subfield code="a">0000000120171534</subfield>
    <subfield code="2">BNF</subfield>
    <subfield code="d">20150918</subfield>
  </datafield>
  <datafield tag="033" ind1=" " ind2=" ">
    <subfield code="a">http://catalogue.bnf.fr/ark:/12148/cb11924383k</subfield>
    <subfield code="2">BNF</subfield>
    <subfield code="d">20150918</subfield>
  </datafield>
  <datafield tag="035" ind1=" " ind2=" ">
    <subfield code="a">027131661</subfield>
    <subfield code="9">sudoc</subfield>
  </datafield>
  <datafield tag="035" ind1=" " ind2=" ">
    <subfield code="a">086208489</subfield>
    <subfield code="9">sudoc</subfield>
  </datafield>
  <datafield tag="035" ind1=" " ind2=" ">
    <subfield code="a">frBN001680670</subfield>
  </datafield>
  <datafield tag="035" ind1=" " ind2=" ">
    <subfield code="a">frBN001351372</subfield>
  </datafield>
  <datafield tag="035" ind1=" " ind2=" ">
    <subfield code="a">FRBNF119243832</subfield>
    <subfield code="z">FRBNF11924383</subfield>
  </datafield>
  <datafield tag="100" ind1=" " ind2=" ">
    <subfield code="a">19820405afrey50      ba0</subfield>
  </datafield>
  <datafield tag="101" ind1=" " ind2=" ">
    <subfield code="a">fre</subfield>
  </datafield>
  <datafield tag="102" ind1=" " ind2=" ">
    <subfield code="a">SN</subfield>
  </datafield>
  <datafield tag="103" ind1=" " ind2=" ">
    <subfield code="a"> 19230101 </subfield>
    <subfield code="b"> 20070609 </subfield>
  </datafield>
  <datafield tag="106" ind1=" " ind2=" ">
    <subfield code="a">0</subfield>
    <subfield code="b">1</subfield>
    <subfield code="c">0</subfield>
  </datafield>
  <datafield tag="120" ind1=" " ind2=" ">
    <subfield code="a">ba</subfield>
  </datafield>
  <datafield tag="152" ind1=" " ind2=" ">
    <subfield code="a">AFNOR</subfield>
  </datafield>
  <datafield tag="200" ind1=" " ind2="1">
    <subfield code="7">ba0yba0y</subfield>
    <subfield code="9">0</subfield>
    <subfield code="a">Sembène</subfield>
    <subfield code="b">Ousmane</subfield>
    <subfield code="f">1923-2007</subfield>
  </datafield>
  <datafield tag="340" ind1=" " ind2=" ">
    <subfield code="7">ba0yba0y</subfield>
    <subfield code="a">Écrivain et cinéaste sénégalais</subfield>
  </datafield>
  <datafield tag="400" ind1=" " ind2="1">
    <subfield code="7">ba0yba0y</subfield>
    <subfield code="9">#</subfield>
    <subfield code="a">Ousmane</subfield>
    <subfield code="b">Sembène</subfield>
  </datafield>
  <datafield tag="530" ind1=" " ind2=" ">
    <subfield code="0">Réalisateur de</subfield>
    <subfield code="3">178362247</subfield>
    <subfield code="5">z|xxx</subfield>
    <subfield code="7">ba0yba0y</subfield>
    <subfield code="a">Guelwaar</subfield>
    <subfield code="n">film</subfield>
  </datafield>
  <datafield tag="530" ind1=" " ind2=" ">
    <subfield code="0">Réalisateur de</subfield>
    <subfield code="3">177192046</subfield>
    <subfield code="5">z|xxx</subfield>
    <subfield code="7">ba0yba0y</subfield>
    <subfield code="a">Borom Sarret, le bonhomme charretier</subfield>
    <subfield code="n">film</subfield>
  </datafield>
  <datafield tag="801" ind1=" " ind2="3">
    <subfield code="a">FR</subfield>
    <subfield code="b">Abes</subfield>
    <subfield code="c">20160523</subfield>
    <subfield code="g">AFNOR</subfield>
    <subfield code="h">027131661</subfield>
  </datafield>
  <datafield tag="801" ind1=" " ind2="3">
    <subfield code="a">FR</subfield>
    <subfield code="b">Abes</subfield>
    <subfield code="c">20160523</subfield>
    <subfield code="g">AFNOR</subfield>
    <subfield code="h">086208489</subfield>
  </datafield>
  <datafield tag="810" ind1=" " ind2=" ">
    <subfield code="a">Voltaïque : la noire de... : nouvelles / Sembene Ousmane; 1971</subfield>
  </datafield>
  <datafield tag="810" ind1=" " ind2=" ">
    <subfield code="a">BN APP (en ligne), 1994-04-26</subfield>
  </datafield>
  <datafield tag="810" ind1=" " ind2=" ">
    <subfield code="a">Lettres noires / présentées par Jean-Paul Parmelli, 1990, p. 129-131. GLU : Ousmane (Sembene)</subfield>
  </datafield>
  <datafield tag="810" ind1=" " ind2=" ">
    <subfield code="a">BN Cat. gén. 1970-1979 : Ousmane, Sembène</subfield>
  </datafield>
  <datafield tag="810" ind1=" " ind2=" ">
    <subfield code="a">Internet, http://catalogue.bnf.fr, Bibliothèque nationale de France, 2007-10-18</subfield>
    <subfield code="b">décédé le 9 juin 2007</subfield>
  </datafield>
  <datafield tag="900" ind1=" " ind2=" ">
    <subfield code="a">Sembène, Ousmane (1923-2007)</subfield>
  </datafield>
  <datafield tag="901" ind1=" " ind2=" ">
    <subfield code="a">Ousmane, Sembène</subfield>
  </datafield>
</record>