


<record>
  <leader>     cx  a22     3  45  </leader>
  <controlfield tag="001">028048903</controlfield>
  <controlfield tag="003">http://www.idref.fr/028048903</controlfield>
  <controlfield tag="004">19860506</controlfield>
  <controlfield tag="005">20090930041446.000</controlfield>
  <controlfield tag="006">0004</controlfield>
  <controlfield tag="007">1999</controlfield>
  <controlfield tag="008">Tp5</controlfield>
  <datafield tag="100" ind1=" " ind2=" ">
    <subfield code="a">19860506afrey50      ba0</subfield>
  </datafield>
  <datafield tag="101" ind1=" " ind2=" ">
    <subfield code="a">fre</subfield>
  </datafield>
  <datafield tag="102" ind1=" " ind2=" ">
    <subfield code="a">FR</subfield>
  </datafield>
  <datafield tag="103" ind1=" " ind2=" ">
    <subfield code="a"> 19020226 </subfield>
    <subfield code="b"> 19910610 </subfield>
  </datafield>
  <datafield tag="106" ind1=" " ind2=" ">
    <subfield code="a">0</subfield>
    <subfield code="b">1</subfield>
    <subfield code="c">0</subfield>
  </datafield>
  <datafield tag="120" ind1=" " ind2=" ">
    <subfield code="a">ba</subfield>
  </datafield>
  <datafield tag="152" ind1=" " ind2=" ">
    <subfield code="a">AFNOR</subfield>
  </datafield>
  <datafield tag="200" ind1=" " ind2="1">
    <subfield code="7">ba0yba0y</subfield>
    <subfield code="9">0</subfield>
    <subfield code="a">Bruller</subfield>
    <subfield code="b">Jean</subfield>
    <subfield code="f">1902-1991</subfield>
  </datafield>
  <datafield tag="330" ind1="0" ind2=" ">
    <subfield code="7">ba0yba0y</subfield>
    <subfield code="a">Utiliser &quot;Bruller, Jean&quot; comme point d&apos;accès aux notices bibliographiques décrivant les livres qu&apos;il a signés avant 1942</subfield>
  </datafield>
  <datafield tag="340" ind1=" " ind2=" ">
    <subfield code="7">ba0yba0y</subfield>
    <subfield code="a">Jean Marcel Bruller écrivit sous le pseudonyme Vercors à partir de 1942. - Dessinateur, graveur et illustrateur. - Historien. - Dramaturge et romancier. - Fondateur des éditions de Minuit (en 1941)</subfield>
  </datafield>
  <datafield tag="500" ind1=" " ind2="1">
    <subfield code="3">027180387</subfield>
    <subfield code="7">ba0yba0y</subfield>
    <subfield code="a">Vercors</subfield>
    <subfield code="f">1902-1991</subfield>
  </datafield>
  <datafield tag="801" ind1=" " ind2="3">
    <subfield code="a">FR</subfield>
    <subfield code="b">Abes</subfield>
    <subfield code="c">20090930</subfield>
    <subfield code="g">AFNOR</subfield>
  </datafield>
  <datafield tag="810" ind1=" " ind2=" ">
    <subfield code="a">Deux fragments d&apos;une histoire universelle, 1992 / André Maurois ; avec 17 documents gravés à l&apos;eau-forte au repérage par Jean Bruller, 1929</subfield>
  </datafield>
  <datafield tag="810" ind1=" " ind2=" ">
    <subfield code="a">WW, France 1985-1986. Libération, 1991-03-21</subfield>
  </datafield>
  <datafield tag="900" ind1=" " ind2=" ">
    <subfield code="a">Bruller, Jean (1902-1991)</subfield>
  </datafield>
</record>