


<record>
  <leader>     cx  a22     3  45  </leader>
  <controlfield tag="001">028104773</controlfield>
  <controlfield tag="003">http://www.idref.fr/028104773</controlfield>
  <controlfield tag="004">19860728</controlfield>
  <controlfield tag="005">20160831100422.000</controlfield>
  <controlfield tag="006">0004</controlfield>
  <controlfield tag="007">751052134</controlfield>
  <controlfield tag="008">Tp5</controlfield>
  <datafield tag="033" ind1=" " ind2=" ">
    <subfield code="a">http://catalogue.bnf.fr/ark:/12148/cb12000562c</subfield>
    <subfield code="2">BNF</subfield>
    <subfield code="d">20150918</subfield>
  </datafield>
  <datafield tag="035" ind1=" " ind2=" ">
    <subfield code="a">028711394</subfield>
    <subfield code="9">sudoc</subfield>
  </datafield>
  <datafield tag="035" ind1=" " ind2=" ">
    <subfield code="a">frBN002396954</subfield>
  </datafield>
  <datafield tag="035" ind1=" " ind2=" ">
    <subfield code="a">frBN003501486</subfield>
  </datafield>
  <datafield tag="035" ind1=" " ind2=" ">
    <subfield code="a">FRBNF120005625</subfield>
    <subfield code="z">FRBNF12000562</subfield>
  </datafield>
  <datafield tag="100" ind1=" " ind2=" ">
    <subfield code="a">19860728afrey50      ba0</subfield>
  </datafield>
  <datafield tag="101" ind1=" " ind2=" ">
    <subfield code="a">grc</subfield>
  </datafield>
  <datafield tag="102" ind1=" " ind2=" ">
    <subfield code="a">TR</subfield>
  </datafield>
  <datafield tag="103" ind1=" " ind2=" ">
    <subfield code="a"> 1260     </subfield>
    <subfield code="b"> 1332     </subfield>
  </datafield>
  <datafield tag="106" ind1=" " ind2=" ">
    <subfield code="a">0</subfield>
    <subfield code="b">1</subfield>
    <subfield code="c">0</subfield>
  </datafield>
  <datafield tag="120" ind1=" " ind2=" ">
    <subfield code="a">ba</subfield>
  </datafield>
  <datafield tag="152" ind1=" " ind2=" ">
    <subfield code="a">AFNOR</subfield>
  </datafield>
  <datafield tag="200" ind1=" " ind2="1">
    <subfield code="6">a01</subfield>
    <subfield code="7">ba0yga0y</subfield>
    <subfield code="8">fregrc</subfield>
    <subfield code="9">0</subfield>
    <subfield code="a">Μετοχίτης</subfield>
    <subfield code="b">Θεόδωρος</subfield>
    <subfield code="f">1260-1332</subfield>
  </datafield>
  <datafield tag="200" ind1=" " ind2="1">
    <subfield code="6">a01</subfield>
    <subfield code="7">ba0yba0y</subfield>
    <subfield code="8">frefre</subfield>
    <subfield code="9">1</subfield>
    <subfield code="a">Métochite</subfield>
    <subfield code="b">Théodore</subfield>
    <subfield code="f">1260-1332</subfield>
  </datafield>
  <datafield tag="400" ind1=" " ind2="0">
    <subfield code="7">ba0yba0y</subfield>
    <subfield code="9">0</subfield>
    <subfield code="a">Theodorus Metochita</subfield>
  </datafield>
  <datafield tag="400" ind1=" " ind2="0">
    <subfield code="7">ba0yba0y</subfield>
    <subfield code="9">0</subfield>
    <subfield code="a">Theodoros Metochitès</subfield>
  </datafield>
  <datafield tag="400" ind1=" " ind2="1">
    <subfield code="7">ba0yba0y</subfield>
    <subfield code="9">0</subfield>
    <subfield code="a">Metokhitis</subfield>
    <subfield code="b">Theodoros</subfield>
  </datafield>
  <datafield tag="400" ind1=" " ind2="0">
    <subfield code="7">ba0yba0y</subfield>
    <subfield code="9">#</subfield>
    <subfield code="a">Theodoros Metochita</subfield>
  </datafield>
  <datafield tag="400" ind1=" " ind2="1">
    <subfield code="7">ba0yba0y</subfield>
    <subfield code="8">fregrc</subfield>
    <subfield code="9">#</subfield>
    <subfield code="a">Metohitês</subfield>
    <subfield code="b">Theodôros</subfield>
  </datafield>
  <datafield tag="400" ind1=" " ind2="1">
    <subfield code="7">ba0yba0y</subfield>
    <subfield code="8">fregrc</subfield>
    <subfield code="9">#</subfield>
    <subfield code="a">Metochitês</subfield>
    <subfield code="b">Theodôros</subfield>
  </datafield>
  <datafield tag="500" ind1=" " ind2=" ">
    <subfield code="3">187670366</subfield>
    <subfield code="7">ba0yba0y</subfield>
    <subfield code="a">Métochite</subfield>
    <subfield code="b">Georges</subfield>
    <subfield code="f">ca. 1250-1328</subfield>
  </datafield>
  <datafield tag="700" ind1=" " ind2="1">
    <subfield code="6">a02</subfield>
    <subfield code="7">ba0yga0y</subfield>
    <subfield code="8">fregrc</subfield>
    <subfield code="9">0</subfield>
    <subfield code="a">Μετοχίτης</subfield>
    <subfield code="b">Θεόδωρος</subfield>
    <subfield code="f">1260-1332</subfield>
  </datafield>
  <datafield tag="700" ind1=" " ind2="1">
    <subfield code="6">a02</subfield>
    <subfield code="7">ba0yba0a</subfield>
    <subfield code="8">fregrc</subfield>
    <subfield code="9">0</subfield>
    <subfield code="a">Metochítīs</subfield>
    <subfield code="b">Theódōros</subfield>
    <subfield code="f">1260-1332</subfield>
  </datafield>
  <datafield tag="700" ind1=" " ind2="1">
    <subfield code="6">a03</subfield>
    <subfield code="7">ba0yga0y</subfield>
    <subfield code="8">fregrc</subfield>
    <subfield code="9">0</subfield>
    <subfield code="a">Μετοχίτης</subfield>
    <subfield code="b">Θεόδωρος</subfield>
    <subfield code="f">1260-1332</subfield>
  </datafield>
  <datafield tag="700" ind1=" " ind2="1">
    <subfield code="6">a03</subfield>
    <subfield code="7">ba0yba0e</subfield>
    <subfield code="8">fregrc</subfield>
    <subfield code="9">0</subfield>
    <subfield code="a">Metohitēs</subfield>
    <subfield code="b">Theodōros</subfield>
    <subfield code="f">1260-1332</subfield>
  </datafield>
  <datafield tag="801" ind1=" " ind2="3">
    <subfield code="a">FR</subfield>
    <subfield code="b">Abes</subfield>
    <subfield code="c">20160831</subfield>
    <subfield code="g">AFNOR</subfield>
    <subfield code="h">028711394</subfield>
  </datafield>
  <datafield tag="810" ind1=" " ind2=" ">
    <subfield code="a">Theodore Metochite presbeutikos in La Fondation de l&apos;empire serbe /Léonidas Mavromatis, 1978</subfield>
  </datafield>
  <datafield tag="810" ind1=" " ind2=" ">
    <subfield code="a">GDEL</subfield>
  </datafield>
  <datafield tag="810" ind1=" " ind2=" ">
    <subfield code="a">Alice-Mary Talbot &quot;Metochites, Theodore&quot; The Oxford Dictionary of Byzantium. Ed. Alexander P. Kazhdan. © 1991, 2005 by Oxford University Press, Inc.. The Oxford Dictionary of Byzantium: (e-reference edition). Oxford University Press. http://www.oxford-byzantium.com/entry?entry=t174.e3509</subfield>
  </datafield>
  <datafield tag="900" ind1=" " ind2=" ">
    <subfield code="6">01</subfield>
    <subfield code="7">ba</subfield>
    <subfield code="a">Métochite, Théodore (1260-1332)</subfield>
  </datafield>
  <datafield tag="900" ind1=" " ind2=" ">
    <subfield code="6">01</subfield>
    <subfield code="7">ga</subfield>
    <subfield code="a">Μετοχίτης, Θεόδωρος (1260-1332)</subfield>
  </datafield>
  <datafield tag="901" ind1=" " ind2=" ">
    <subfield code="a">Theodorus Metochita</subfield>
  </datafield>
  <datafield tag="901" ind1=" " ind2=" ">
    <subfield code="a">Theodoros Metochitès</subfield>
  </datafield>
  <datafield tag="901" ind1=" " ind2=" ">
    <subfield code="a">Metokhitis, Theodoros</subfield>
  </datafield>
  <datafield tag="901" ind1=" " ind2=" ">
    <subfield code="a">Theodoros Metochita</subfield>
  </datafield>
  <datafield tag="901" ind1=" " ind2=" ">
    <subfield code="a">Metohitês, Theodôros</subfield>
  </datafield>
  <datafield tag="901" ind1=" " ind2=" ">
    <subfield code="a">Metochitês, Theodôros</subfield>
  </datafield>
  <datafield tag="902" ind1=" " ind2=" ">
    <subfield code="6">02</subfield>
    <subfield code="7">ga</subfield>
    <subfield code="a">Μετοχίτης, Θεόδωρος (1260-1332)</subfield>
  </datafield>
  <datafield tag="902" ind1=" " ind2=" ">
    <subfield code="6">02</subfield>
    <subfield code="7">ba</subfield>
    <subfield code="a">Metochítīs, Theódōros (1260-1332)</subfield>
  </datafield>
  <datafield tag="902" ind1=" " ind2=" ">
    <subfield code="6">03</subfield>
    <subfield code="7">ga</subfield>
    <subfield code="a">Μετοχίτης, Θεόδωρος (1260-1332)</subfield>
  </datafield>
  <datafield tag="902" ind1=" " ind2=" ">
    <subfield code="6">03</subfield>
    <subfield code="7">ba</subfield>
    <subfield code="a">Metohitēs, Theodōros (1260-1332)</subfield>
  </datafield>
</record>