


<record>
  <leader>     cx  a22     3  45  </leader>
  <controlfield tag="001">028188012</controlfield>
  <controlfield tag="003">http://www.idref.fr/028188012</controlfield>
  <controlfield tag="004">19870212</controlfield>
  <controlfield tag="005">20190220110935.000</controlfield>
  <controlfield tag="006">0004</controlfield>
  <controlfield tag="007">920502102</controlfield>
  <controlfield tag="008">Tp5</controlfield>
  <datafield tag="010" ind1=" " ind2=" ">
    <subfield code="a">0000000121372055</subfield>
    <subfield code="2">BNF</subfield>
    <subfield code="d">20150918</subfield>
  </datafield>
  <datafield tag="033" ind1=" " ind2=" ">
    <subfield code="a">http://catalogue.bnf.fr/ark:/12148/cb12007375v</subfield>
    <subfield code="2">BNF</subfield>
    <subfield code="d">20150918</subfield>
  </datafield>
  <datafield tag="035" ind1=" " ind2=" ">
    <subfield code="a">027348105</subfield>
    <subfield code="9">sudoc</subfield>
  </datafield>
  <datafield tag="035" ind1=" " ind2=" ">
    <subfield code="a">frBN002467084</subfield>
  </datafield>
  <datafield tag="035" ind1=" " ind2=" ">
    <subfield code="a">frBN00164154X</subfield>
  </datafield>
  <datafield tag="035" ind1=" " ind2=" ">
    <subfield code="a">FRBNF120073754</subfield>
    <subfield code="z">FRBNF12007375</subfield>
  </datafield>
  <datafield tag="100" ind1=" " ind2=" ">
    <subfield code="a">19870212afrey50      ba0</subfield>
  </datafield>
  <datafield tag="101" ind1=" " ind2=" ">
    <subfield code="a">rus</subfield>
  </datafield>
  <datafield tag="102" ind1=" " ind2=" ">
    <subfield code="a">RU</subfield>
  </datafield>
  <datafield tag="103" ind1=" " ind2=" ">
    <subfield code="a"> 17990526 </subfield>
    <subfield code="b"> 18370129 </subfield>
  </datafield>
  <datafield tag="106" ind1=" " ind2=" ">
    <subfield code="a">0</subfield>
    <subfield code="b">1</subfield>
    <subfield code="c">0</subfield>
  </datafield>
  <datafield tag="120" ind1=" " ind2=" ">
    <subfield code="a">ba</subfield>
  </datafield>
  <datafield tag="152" ind1=" " ind2=" ">
    <subfield code="a">AFNOR</subfield>
  </datafield>
  <datafield tag="200" ind1=" " ind2="1">
    <subfield code="6">a01</subfield>
    <subfield code="7">ba0yca0y</subfield>
    <subfield code="8">frerus</subfield>
    <subfield code="9">0</subfield>
    <subfield code="a">Пушкин</subfield>
    <subfield code="b">Александр Сергеевич</subfield>
    <subfield code="f">1799-1837</subfield>
  </datafield>
  <datafield tag="200" ind1=" " ind2="1">
    <subfield code="6">a01</subfield>
    <subfield code="7">ba0yba0d</subfield>
    <subfield code="8">frefre</subfield>
    <subfield code="9">1</subfield>
    <subfield code="a">Pouchkine</subfield>
    <subfield code="b">Alexandre Sergueïevitch</subfield>
    <subfield code="f">1799-1837</subfield>
  </datafield>
  <datafield tag="340" ind1=" " ind2=" ">
    <subfield code="7">ba0yba0y</subfield>
    <subfield code="a">Poète, dramaturge, romancier russe</subfield>
  </datafield>
  <datafield tag="400" ind1=" " ind2="1">
    <subfield code="7">ba0yba0y</subfield>
    <subfield code="9">#</subfield>
    <subfield code="a">Pouchkin</subfield>
    <subfield code="b">Aleksandr Sergeevitch</subfield>
  </datafield>
  <datafield tag="400" ind1=" " ind2="1">
    <subfield code="7">ba0yba0y</subfield>
    <subfield code="9">#</subfield>
    <subfield code="a">Pouchkine</subfield>
    <subfield code="b">Aleksandr Sergeevitch</subfield>
  </datafield>
  <datafield tag="400" ind1=" " ind2="1">
    <subfield code="7">ba0yba0f</subfield>
    <subfield code="8">frerus</subfield>
    <subfield code="9">#</subfield>
    <subfield code="a">Puskin</subfield>
    <subfield code="b">Aleksandr Sergeevic</subfield>
  </datafield>
  <datafield tag="400" ind1=" " ind2="1">
    <subfield code="7">ba0yba0y</subfield>
    <subfield code="9">#</subfield>
    <subfield code="a">Pouchkine</subfield>
    <subfield code="b">Alexandre</subfield>
  </datafield>
  <datafield tag="400" ind1=" " ind2="1">
    <subfield code="7">ba0yba0y</subfield>
    <subfield code="9">#</subfield>
    <subfield code="a">Pushkin</subfield>
    <subfield code="b">Alexander</subfield>
  </datafield>
  <datafield tag="400" ind1=" " ind2="1">
    <subfield code="7">ba0yba0e</subfield>
    <subfield code="9">#</subfield>
    <subfield code="a">Puschkin</subfield>
    <subfield code="b">Alexander S.</subfield>
  </datafield>
  <datafield tag="400" ind1=" " ind2="1">
    <subfield code="7">ba0yba0f</subfield>
    <subfield code="8">frerus</subfield>
    <subfield code="9">#</subfield>
    <subfield code="a">Puskin</subfield>
    <subfield code="b">Aleksandr Sergeevic</subfield>
  </datafield>
  <datafield tag="400" ind1=" " ind2="1">
    <subfield code="6">a02</subfield>
    <subfield code="7">ba0yca0y</subfield>
    <subfield code="a">Пушкинъ</subfield>
    <subfield code="b">Александръ Сергѣевичъ</subfield>
  </datafield>
  <datafield tag="400" ind1=" " ind2="1">
    <subfield code="6">a02</subfield>
    <subfield code="7">ba0yba0y</subfield>
    <subfield code="a">Puškinʺ</subfield>
    <subfield code="b">Aleksandrʺ Sergěevič</subfield>
  </datafield>
  <datafield tag="400" ind1=" " ind2="1">
    <subfield code="6">a03</subfield>
    <subfield code="7">ba0yea0y</subfield>
    <subfield code="9">#</subfield>
    <subfield code="a">普希金</subfield>
  </datafield>
  <datafield tag="400" ind1=" " ind2="1">
    <subfield code="6">a03</subfield>
    <subfield code="7">ba0yba0a</subfield>
    <subfield code="9">#</subfield>
    <subfield code="a">Puxijin</subfield>
  </datafield>
  <datafield tag="400" ind1=" " ind2="1">
    <subfield code="6">a04</subfield>
    <subfield code="7">ba0ymb0y</subfield>
    <subfield code="a">Պուշկին</subfield>
    <subfield code="b">Ալեքսանդր Սերգեյի</subfield>
  </datafield>
  <datafield tag="400" ind1=" " ind2="1">
    <subfield code="6">a04</subfield>
    <subfield code="7">ba0yba0y</subfield>
    <subfield code="a">Powškin</subfield>
    <subfield code="b">Alek̕sandr Sergeyi</subfield>
  </datafield>
  <datafield tag="400" ind1=" " ind2="1">
    <subfield code="6">a05</subfield>
    <subfield code="7">ba0yca0y</subfield>
    <subfield code="8">frerus</subfield>
    <subfield code="9">0</subfield>
    <subfield code="a">Пушкин</subfield>
    <subfield code="b">А. С.</subfield>
  </datafield>
  <datafield tag="400" ind1=" " ind2="1">
    <subfield code="6">a05</subfield>
    <subfield code="7">ba0yba0a</subfield>
    <subfield code="8">frerus</subfield>
    <subfield code="9">#</subfield>
    <subfield code="a">Puškin</subfield>
    <subfield code="b">A. S.</subfield>
  </datafield>
  <datafield tag="700" ind1=" " ind2="1">
    <subfield code="7">ba0yba0a</subfield>
    <subfield code="8">frerus</subfield>
    <subfield code="9">0</subfield>
    <subfield code="a">Puškin</subfield>
    <subfield code="b">Aleksandr Sergeevič</subfield>
    <subfield code="f">1799-1837</subfield>
  </datafield>
  <datafield tag="801" ind1=" " ind2="3">
    <subfield code="a">FR</subfield>
    <subfield code="b">Abes</subfield>
    <subfield code="c">20190220</subfield>
    <subfield code="g">AFNOR</subfield>
    <subfield code="h">027348105</subfield>
  </datafield>
  <datafield tag="810" ind1=" " ind2=" ">
    <subfield code="a">BN Service russe</subfield>
  </datafield>
  <datafield tag="810" ind1=" " ind2=" ">
    <subfield code="a">http://www.russie.net/russie/p_pouchkine.htm</subfield>
  </datafield>
  <datafield tag="810" ind1=" " ind2=" ">
    <subfield code="6">a06</subfield>
    <subfield code="7">ba0yca0y</subfield>
    <subfield code="a">Борис Годунов / Александр Пушкин; [trad. par  O. Lanceray], 1982</subfield>
  </datafield>
  <datafield tag="810" ind1=" " ind2=" ">
    <subfield code="6">a06</subfield>
    <subfield code="7">ba0yba0a</subfield>
    <subfield code="a">Boris Godounov / Alexandre Pouškin; [trad. par O. Lanceray], 1982</subfield>
  </datafield>
  <datafield tag="810" ind1=" " ind2=" ">
    <subfield code="6">a07</subfield>
    <subfield code="7">ba0yea0y</subfield>
    <subfield code="a">上尉的女兒 / 普希金著 ; 智量譯, 1995</subfield>
  </datafield>
  <datafield tag="810" ind1=" " ind2=" ">
    <subfield code="6">a07</subfield>
    <subfield code="7">ba0yba0a</subfield>
    <subfield code="a">Shang wei di nü er / Puxijin zhu ; Zhiliang yi, 1995</subfield>
  </datafield>
  <datafield tag="900" ind1=" " ind2=" ">
    <subfield code="6">01</subfield>
    <subfield code="7">ba</subfield>
    <subfield code="a">Pouchkine, Alexandre Sergueïevitch (1799-1837)</subfield>
  </datafield>
  <datafield tag="900" ind1=" " ind2=" ">
    <subfield code="6">01</subfield>
    <subfield code="7">ca</subfield>
    <subfield code="a">Пушкин, Александр Сергеевич (1799-1837)</subfield>
  </datafield>
  <datafield tag="901" ind1=" " ind2=" ">
    <subfield code="a">Pouchkin, Aleksandr Sergeevitch</subfield>
  </datafield>
  <datafield tag="901" ind1=" " ind2=" ">
    <subfield code="a">Pouchkine, Aleksandr Sergeevitch</subfield>
  </datafield>
  <datafield tag="901" ind1=" " ind2=" ">
    <subfield code="a">Puskin, Aleksandr Sergeevic</subfield>
  </datafield>
  <datafield tag="901" ind1=" " ind2=" ">
    <subfield code="a">Pouchkine, Alexandre</subfield>
  </datafield>
  <datafield tag="901" ind1=" " ind2=" ">
    <subfield code="a">Pushkin, Alexander</subfield>
  </datafield>
  <datafield tag="901" ind1=" " ind2=" ">
    <subfield code="a">Puschkin, Alexander S.</subfield>
  </datafield>
  <datafield tag="901" ind1=" " ind2=" ">
    <subfield code="a">Puskin, Aleksandr Sergeevic</subfield>
  </datafield>
  <datafield tag="901" ind1=" " ind2=" ">
    <subfield code="6">02</subfield>
    <subfield code="7">ca</subfield>
    <subfield code="a">Пушкинъ, Александръ Сергѣевичъ</subfield>
  </datafield>
  <datafield tag="901" ind1=" " ind2=" ">
    <subfield code="6">02</subfield>
    <subfield code="7">ba</subfield>
    <subfield code="a">Puškinʺ, Aleksandrʺ Sergěevič</subfield>
  </datafield>
  <datafield tag="901" ind1=" " ind2=" ">
    <subfield code="6">03</subfield>
    <subfield code="7">ea</subfield>
    <subfield code="a">普希金</subfield>
  </datafield>
  <datafield tag="901" ind1=" " ind2=" ">
    <subfield code="6">03</subfield>
    <subfield code="7">ba</subfield>
    <subfield code="a">Puxijin</subfield>
  </datafield>
  <datafield tag="901" ind1=" " ind2=" ">
    <subfield code="6">04</subfield>
    <subfield code="7">mb</subfield>
    <subfield code="a">Պուշկին, Ալեքսանդր Սերգեյի</subfield>
  </datafield>
  <datafield tag="901" ind1=" " ind2=" ">
    <subfield code="6">04</subfield>
    <subfield code="7">ba</subfield>
    <subfield code="a">Powškin, Alek̕sandr Sergeyi</subfield>
  </datafield>
  <datafield tag="901" ind1=" " ind2=" ">
    <subfield code="6">05</subfield>
    <subfield code="7">ca</subfield>
    <subfield code="a">Пушкин, А. С.</subfield>
  </datafield>
  <datafield tag="901" ind1=" " ind2=" ">
    <subfield code="6">05</subfield>
    <subfield code="7">ba</subfield>
    <subfield code="a">Puškin, A. S.</subfield>
  </datafield>
  <datafield tag="902" ind1=" " ind2=" ">
    <subfield code="a">Puškin, Aleksandr Sergeevič (1799-1837)</subfield>
  </datafield>
</record>