


<record>
  <leader>     cx  a22     3  45  </leader>
  <controlfield tag="001">028316355</controlfield>
  <controlfield tag="003">http://www.idref.fr/028316355</controlfield>
  <controlfield tag="004">19840420</controlfield>
  <controlfield tag="005">20151003051538.000</controlfield>
  <controlfield tag="006">0004</controlfield>
  <controlfield tag="007">4994</controlfield>
  <controlfield tag="008">Tp5</controlfield>
  <datafield tag="010" ind1=" " ind2=" ">
    <subfield code="a">0000000109519034</subfield>
    <subfield code="2">BNF</subfield>
    <subfield code="d">20150918</subfield>
  </datafield>
  <datafield tag="033" ind1=" " ind2=" ">
    <subfield code="a">http://catalogue.bnf.fr/ark:/12148/cb13896038z</subfield>
    <subfield code="2">BNF</subfield>
    <subfield code="d">20150918</subfield>
  </datafield>
  <datafield tag="035" ind1=" " ind2=" ">
    <subfield code="a">028028996</subfield>
    <subfield code="9">sudoc</subfield>
  </datafield>
  <datafield tag="035" ind1=" " ind2=" ">
    <subfield code="a">frBN00233631X</subfield>
  </datafield>
  <datafield tag="035" ind1=" " ind2=" ">
    <subfield code="a">frBN002713739</subfield>
  </datafield>
  <datafield tag="035" ind1=" " ind2=" ">
    <subfield code="a">FRBNF138960386</subfield>
    <subfield code="z">FRBNF13896038</subfield>
  </datafield>
  <datafield tag="100" ind1=" " ind2=" ">
    <subfield code="a">19840420afrey50      ba0</subfield>
  </datafield>
  <datafield tag="101" ind1=" " ind2=" ">
    <subfield code="a">mul</subfield>
  </datafield>
  <datafield tag="102" ind1=" " ind2=" ">
    <subfield code="a">IL</subfield>
  </datafield>
  <datafield tag="103" ind1=" " ind2=" ">
    <subfield code="a"> 18850514 </subfield>
    <subfield code="b"> 19730706 </subfield>
  </datafield>
  <datafield tag="106" ind1=" " ind2=" ">
    <subfield code="a">0</subfield>
    <subfield code="b">#</subfield>
  </datafield>
  <datafield tag="152" ind1=" " ind2=" ">
    <subfield code="a">AFNOR</subfield>
  </datafield>
  <datafield tag="200" ind1=" " ind2="1">
    <subfield code="7">ba0yba0y</subfield>
    <subfield code="9">0</subfield>
    <subfield code="a">Klemperer</subfield>
    <subfield code="b">Otto</subfield>
    <subfield code="f">1885-1973</subfield>
  </datafield>
  <datafield tag="340" ind1=" " ind2=" ">
    <subfield code="7">ba0yba0y</subfield>
    <subfield code="a">Chef d&apos;orchestre, d&apos;origine allemande.- Cousin du physicien Otto Klemperer (1899-1979)</subfield>
  </datafield>
  <datafield tag="400" ind1=" " ind2="1">
    <subfield code="7">ba0yba0y</subfield>
    <subfield code="9">#</subfield>
    <subfield code="a">Klemperer</subfield>
    <subfield code="b">O.</subfield>
  </datafield>
  <datafield tag="500" ind1=" " ind2="1">
    <subfield code="0">Cousin de</subfield>
    <subfield code="3">132358425</subfield>
    <subfield code="7">ba0yba0y</subfield>
    <subfield code="a">Klemperer</subfield>
    <subfield code="b">Otto</subfield>
    <subfield code="c">physicien</subfield>
    <subfield code="f">1899-1979</subfield>
  </datafield>
  <datafield tag="801" ind1=" " ind2="3">
    <subfield code="a">FR</subfield>
    <subfield code="b">Abes</subfield>
    <subfield code="c">20151003</subfield>
    <subfield code="g">AFNOR</subfield>
    <subfield code="h">028028996</subfield>
  </datafield>
  <datafield tag="810" ind1=" " ind2=" ">
    <subfield code="a">Écrits et entretiens / Otto Klemperer ; entretiens réalisés et éd. par Peter Heyworth, 1985</subfield>
  </datafield>
  <datafield tag="810" ind1=" " ind2=" ">
    <subfield code="a">Internet, http://catalogue.bnf.fr/ark:/12148/cb13896038z , 2012-04-125</subfield>
    <subfield code="b">Dates de naissance 14 mai 1885 et de décès 6 juillet 1973et chef d&apos;orchestre</subfield>
  </datafield>
  <datafield tag="810" ind1=" " ind2=" ">
    <subfield code="a">Internet, http://en.wikipedia.org/wiki/Otto_Klemperer , 2012-04-125</subfield>
    <subfield code="b">Cousin d&apos;Otto Klemperer (1899-1979), biographie et photos</subfield>
  </datafield>
  <datafield tag="900" ind1=" " ind2=" ">
    <subfield code="a">Klemperer, Otto (1885-1973)</subfield>
  </datafield>
  <datafield tag="901" ind1=" " ind2=" ">
    <subfield code="a">Klemperer, O.</subfield>
  </datafield>
</record>