


<record>
  <leader>     cx  a22     3  45  </leader>
  <controlfield tag="001">028633342</controlfield>
  <controlfield tag="003">http://www.idref.fr/028633342</controlfield>
  <controlfield tag="004">19870619</controlfield>
  <controlfield tag="005">20150929123804.000</controlfield>
  <controlfield tag="006">0004</controlfield>
  <controlfield tag="007">4994</controlfield>
  <controlfield tag="008">Tp5</controlfield>
  <datafield tag="033" ind1=" " ind2=" ">
    <subfield code="a">http://catalogue.bnf.fr/ark:/12148/cb120429158</subfield>
    <subfield code="2">BNF</subfield>
    <subfield code="d">20150918</subfield>
  </datafield>
  <datafield tag="035" ind1=" " ind2=" ">
    <subfield code="a">frBN003415610</subfield>
  </datafield>
  <datafield tag="035" ind1=" " ind2=" ">
    <subfield code="a">FRBNF120429150</subfield>
    <subfield code="z">FRBNF12042915</subfield>
  </datafield>
  <datafield tag="100" ind1=" " ind2=" ">
    <subfield code="a">19870619afrey50      ba0</subfield>
  </datafield>
  <datafield tag="101" ind1=" " ind2=" ">
    <subfield code="a">fre</subfield>
  </datafield>
  <datafield tag="102" ind1=" " ind2=" ">
    <subfield code="a">FR</subfield>
  </datafield>
  <datafield tag="106" ind1=" " ind2=" ">
    <subfield code="a">0</subfield>
    <subfield code="b">#</subfield>
  </datafield>
  <datafield tag="152" ind1=" " ind2=" ">
    <subfield code="a">AFNOR</subfield>
  </datafield>
  <datafield tag="200" ind1=" " ind2="1">
    <subfield code="7">ba0yba0y</subfield>
    <subfield code="9">0</subfield>
    <subfield code="a">Foucault</subfield>
    <subfield code="b">Michel</subfield>
    <subfield code="f">19..-....</subfield>
    <subfield code="c">chimiste</subfield>
  </datafield>
  <datafield tag="801" ind1=" " ind2="3">
    <subfield code="a">FR</subfield>
    <subfield code="b">Abes</subfield>
    <subfield code="c">20150929</subfield>
    <subfield code="g">AFNOR</subfield>
  </datafield>
  <datafield tag="810" ind1=" " ind2=" ">
    <subfield code="a">Sulfates de calcium et matériaux dérivés : compte rendu / du Colloque international de la RILEM [Réunion internationale des laboratoires d&apos;essais et de recherches sur les matériaux et les constructions], Saint-Rémy-lès-Chevreuse... 25-27 mai 1977 ; éditeurs, M. Murat et M. Foucault, 1977</subfield>
  </datafield>
  <datafield tag="900" ind1=" " ind2=" ">
    <subfield code="a">Foucault, Michel (19..-.... ; chimiste)</subfield>
  </datafield>
</record>