


<record>
  <leader>     cx  a22     3  45  </leader>
  <controlfield tag="001">028732642</controlfield>
  <controlfield tag="003">http://www.idref.fr/028732642</controlfield>
  <controlfield tag="004">19840420</controlfield>
  <controlfield tag="005">20190709161109.000</controlfield>
  <controlfield tag="006">0004</controlfield>
  <controlfield tag="007">341720001</controlfield>
  <controlfield tag="008">Tp5</controlfield>
  <datafield tag="010" ind1=" " ind2=" ">
    <subfield code="a">0000000091885959</subfield>
    <subfield code="2">BNF</subfield>
    <subfield code="d">20150918</subfield>
  </datafield>
  <datafield tag="033" ind1=" " ind2=" ">
    <subfield code="a">http://catalogue.bnf.fr/ark:/12148/cb120508131</subfield>
    <subfield code="2">BNF</subfield>
    <subfield code="d">20150918</subfield>
  </datafield>
  <datafield tag="035" ind1=" " ind2=" ">
    <subfield code="a">028494911</subfield>
    <subfield code="9">sudoc</subfield>
  </datafield>
  <datafield tag="035" ind1=" " ind2=" ">
    <subfield code="a">frBN003095929</subfield>
  </datafield>
  <datafield tag="035" ind1=" " ind2=" ">
    <subfield code="a">frBN003538972</subfield>
  </datafield>
  <datafield tag="035" ind1=" " ind2=" ">
    <subfield code="a">FRBNF120508135</subfield>
    <subfield code="z">FRBNF12050813</subfield>
  </datafield>
  <datafield tag="100" ind1=" " ind2=" ">
    <subfield code="a">19840420afrey50      ba0</subfield>
  </datafield>
  <datafield tag="101" ind1=" " ind2=" ">
    <subfield code="a">grc</subfield>
  </datafield>
  <datafield tag="102" ind1=" " ind2=" ">
    <subfield code="a">XX</subfield>
  </datafield>
  <datafield tag="103" ind1=" " ind2=" ">
    <subfield code="a"> 00XX     </subfield>
    <subfield code="b"> 0097    ?</subfield>
  </datafield>
  <datafield tag="106" ind1=" " ind2=" ">
    <subfield code="a">0</subfield>
    <subfield code="b">1</subfield>
    <subfield code="c">0</subfield>
  </datafield>
  <datafield tag="152" ind1=" " ind2=" ">
    <subfield code="a">AFNOR</subfield>
  </datafield>
  <datafield tag="200" ind1=" " ind2="0">
    <subfield code="7">ba0yba0y</subfield>
    <subfield code="5">i|xxx</subfield>
    <subfield code="8">frefre</subfield>
    <subfield code="9">1</subfield>
    <subfield code="a">Clément</subfield>
    <subfield code="d">I</subfield>
    <subfield code="f">00..-0097?</subfield>
    <subfield code="c">pape</subfield>
  </datafield>
  <datafield tag="300" ind1=" " ind2=" ">
    <subfield code="7">ba0yba0y</subfield>
    <subfield code="a">Pape de 88 à 97. Souffrit le martyre pendant la persécution de Trajan. On lui a attribué les &quot;Apocryphes clémentins&quot;. Auteur d&apos;une Epître aux Corinthiens</subfield>
  </datafield>
  <datafield tag="400" ind1=" " ind2="0">
    <subfield code="5">i|xxx</subfield>
    <subfield code="7">ba0yba0y</subfield>
    <subfield code="9">#</subfield>
    <subfield code="a">Clément</subfield>
    <subfield code="d">I</subfield>
    <subfield code="c">saint</subfield>
  </datafield>
  <datafield tag="400" ind1=" " ind2="0">
    <subfield code="5">i|xxx</subfield>
    <subfield code="7">ba0yba0y</subfield>
    <subfield code="9">#</subfield>
    <subfield code="a">Clemens</subfield>
    <subfield code="d">I</subfield>
    <subfield code="c">saint</subfield>
  </datafield>
  <datafield tag="400" ind1=" " ind2="0">
    <subfield code="5">i|xxx</subfield>
    <subfield code="7">ba0yba0y</subfield>
    <subfield code="9">#</subfield>
    <subfield code="a">Clément</subfield>
    <subfield code="c">saint</subfield>
  </datafield>
  <datafield tag="400" ind1=" " ind2="0">
    <subfield code="7">ba0yba0y</subfield>
    <subfield code="9">#</subfield>
    <subfield code="a">Clément de Rome</subfield>
    <subfield code="c">saint</subfield>
  </datafield>
  <datafield tag="400" ind1=" " ind2="0">
    <subfield code="7">ba0yba0y</subfield>
    <subfield code="9">#</subfield>
    <subfield code="a">Clément</subfield>
    <subfield code="c">de Rome</subfield>
  </datafield>
  <datafield tag="400" ind1=" " ind2="0">
    <subfield code="7">ba0yba0y</subfield>
    <subfield code="8">frelat</subfield>
    <subfield code="9">#</subfield>
    <subfield code="a">Clemens Romanus</subfield>
    <subfield code="c">saint</subfield>
  </datafield>
  <datafield tag="400" ind1=" " ind2="0">
    <subfield code="7">ba0yba0y</subfield>
    <subfield code="8">frelat</subfield>
    <subfield code="9">#</subfield>
    <subfield code="a">Clemens Romanus</subfield>
    <subfield code="c">sanctus</subfield>
  </datafield>
  <datafield tag="400" ind1=" " ind2="0">
    <subfield code="7">ba0yba0y</subfield>
    <subfield code="8">frelat</subfield>
    <subfield code="9">#</subfield>
    <subfield code="a">Clemens</subfield>
    <subfield code="c">sanctus</subfield>
  </datafield>
  <datafield tag="400" ind1=" " ind2="0">
    <subfield code="7">ba0yba0y</subfield>
    <subfield code="8">frelat</subfield>
    <subfield code="9">#</subfield>
    <subfield code="a">Clemens</subfield>
    <subfield code="d">I</subfield>
    <subfield code="c">Romanus</subfield>
  </datafield>
  <datafield tag="400" ind1=" " ind2="0">
    <subfield code="7">ba0yba0y</subfield>
    <subfield code="8">frelat</subfield>
    <subfield code="9">#</subfield>
    <subfield code="a">Clemens</subfield>
    <subfield code="c">Romanus</subfield>
  </datafield>
  <datafield tag="400" ind1=" " ind2="0">
    <subfield code="7">ba0yba0y</subfield>
    <subfield code="8">frelat</subfield>
    <subfield code="9">#</subfield>
    <subfield code="a">Clemens</subfield>
    <subfield code="d">I</subfield>
    <subfield code="c">papa Romanus</subfield>
  </datafield>
  <datafield tag="400" ind1=" " ind2="0">
    <subfield code="7">ba0yba0y</subfield>
    <subfield code="8">fregrc</subfield>
    <subfield code="9">#</subfield>
    <subfield code="a">Klêmês Rômês</subfield>
  </datafield>
  <datafield tag="400" ind1=" " ind2="0">
    <subfield code="7">ba0yba0y</subfield>
    <subfield code="8">fregrc</subfield>
    <subfield code="9">#</subfield>
    <subfield code="a">Klêmês</subfield>
    <subfield code="d">I</subfield>
  </datafield>
  <datafield tag="400" ind1=" " ind2="0">
    <subfield code="7">ba0yba0y</subfield>
    <subfield code="9">#</subfield>
    <subfield code="a">Clemens I Romanus</subfield>
    <subfield code="c">paus</subfield>
  </datafield>
  <datafield tag="400" ind1=" " ind2="0">
    <subfield code="7">ba0yba0y</subfield>
    <subfield code="9">#</subfield>
    <subfield code="a">Clemente</subfield>
    <subfield code="f">séc. 1</subfield>
    <subfield code="c">de Roma</subfield>
  </datafield>
  <datafield tag="400" ind1=" " ind2="0">
    <subfield code="7">ba0yba0y</subfield>
    <subfield code="9">#</subfield>
    <subfield code="a">Clemente Romano PP</subfield>
  </datafield>
  <datafield tag="400" ind1=" " ind2="0">
    <subfield code="7">ba0yba0y</subfield>
    <subfield code="9">#</subfield>
    <subfield code="a">Clemente</subfield>
    <subfield code="c">Romano</subfield>
  </datafield>
  <datafield tag="400" ind1=" " ind2="0">
    <subfield code="7">ba0yba0y</subfield>
    <subfield code="9">#</subfield>
    <subfield code="a">Clemente</subfield>
    <subfield code="c">papa</subfield>
  </datafield>
  <datafield tag="400" ind1=" " ind2="0">
    <subfield code="7">ba0yba0y</subfield>
    <subfield code="9">#</subfield>
    <subfield code="a">Clemente</subfield>
    <subfield code="d">I</subfield>
    <subfield code="c">Papa, Santo</subfield>
  </datafield>
  <datafield tag="400" ind1=" " ind2="0">
    <subfield code="7">ba0yba0y</subfield>
    <subfield code="9">#</subfield>
    <subfield code="a">Clemente</subfield>
    <subfield code="d">I</subfield>
    <subfield code="c">Santo</subfield>
  </datafield>
  <datafield tag="400" ind1=" " ind2="0">
    <subfield code="7">ba0yba0y</subfield>
    <subfield code="9">#</subfield>
    <subfield code="a">Clement</subfield>
    <subfield code="c">Sanctus</subfield>
  </datafield>
  <datafield tag="400" ind1=" " ind2="0">
    <subfield code="7">ba0yba0y</subfield>
    <subfield code="9">#</subfield>
    <subfield code="a">Clement</subfield>
    <subfield code="d">I</subfield>
    <subfield code="c">papa</subfield>
  </datafield>
  <datafield tag="400" ind1=" " ind2="0">
    <subfield code="7">ba0yba0y</subfield>
    <subfield code="9">#</subfield>
    <subfield code="a">Climent</subfield>
    <subfield code="d">I</subfield>
    <subfield code="c">papa</subfield>
  </datafield>
  <datafield tag="400" ind1=" " ind2="0">
    <subfield code="7">ba0yba0y</subfield>
    <subfield code="9">#</subfield>
    <subfield code="a">Clemens</subfield>
    <subfield code="c">PP. I</subfield>
  </datafield>
  <datafield tag="400" ind1=" " ind2="0">
    <subfield code="7">ba0yba0y</subfield>
    <subfield code="9">#</subfield>
    <subfield code="a">Clemens</subfield>
    <subfield code="d">I</subfield>
    <subfield code="c">papa</subfield>
  </datafield>
  <datafield tag="400" ind1=" " ind2="0">
    <subfield code="7">ba0yba0y</subfield>
    <subfield code="9">#</subfield>
    <subfield code="a">Clemens</subfield>
    <subfield code="d">I</subfield>
    <subfield code="c">paus</subfield>
  </datafield>
  <datafield tag="400" ind1=" " ind2="0">
    <subfield code="7">ba0yba0y</subfield>
    <subfield code="9">#</subfield>
    <subfield code="a">Clemens</subfield>
    <subfield code="d">I</subfield>
    <subfield code="c">påve</subfield>
  </datafield>
  <datafield tag="400" ind1=" " ind2="0">
    <subfield code="7">ba0yba0y</subfield>
    <subfield code="9">#</subfield>
    <subfield code="a">Clement</subfield>
    <subfield code="d">I</subfield>
    <subfield code="c">Pope</subfield>
  </datafield>
  <datafield tag="400" ind1=" " ind2="0">
    <subfield code="7">ba0yba0y</subfield>
    <subfield code="9">#</subfield>
    <subfield code="a">Pope Clement I</subfield>
  </datafield>
  <datafield tag="400" ind1=" " ind2="0">
    <subfield code="7">ba0yba0y</subfield>
    <subfield code="9">#</subfield>
    <subfield code="a">Kelemen</subfield>
    <subfield code="d">I</subfield>
    <subfield code="c">Pope</subfield>
  </datafield>
  <datafield tag="400" ind1=" " ind2="0">
    <subfield code="7">ba0yba0y</subfield>
    <subfield code="9">#</subfield>
    <subfield code="a">Klemens</subfield>
    <subfield code="d">I</subfield>
    <subfield code="c">Pope</subfield>
  </datafield>
  <datafield tag="400" ind1=" " ind2="0">
    <subfield code="7">ba0yba0y</subfield>
    <subfield code="9">#</subfield>
    <subfield code="a">Klemens</subfield>
    <subfield code="d">I</subfield>
    <subfield code="c">påve</subfield>
  </datafield>
  <datafield tag="400" ind1=" " ind2="0">
    <subfield code="7">ba0yba0y</subfield>
    <subfield code="9">#</subfield>
    <subfield code="a">Klemens</subfield>
    <subfield code="d">I</subfield>
    <subfield code="c">of Rome</subfield>
  </datafield>
  <datafield tag="400" ind1=" " ind2="0">
    <subfield code="7">ba0yba0y</subfield>
    <subfield code="9">#</subfield>
    <subfield code="a">Clement</subfield>
    <subfield code="c">of Rome</subfield>
  </datafield>
  <datafield tag="400" ind1=" " ind2="0">
    <subfield code="7">ba0yba0y</subfield>
    <subfield code="9">#</subfield>
    <subfield code="a">Clemens</subfield>
    <subfield code="d">I</subfield>
    <subfield code="c">von Rome</subfield>
  </datafield>
  <datafield tag="400" ind1=" " ind2="0">
    <subfield code="7">ba0yba0y</subfield>
    <subfield code="9">#</subfield>
    <subfield code="a">Clemens</subfield>
    <subfield code="d">I</subfield>
    <subfield code="c">van Rome</subfield>
  </datafield>
  <datafield tag="400" ind1=" " ind2="0">
    <subfield code="7">ba0yba0y</subfield>
    <subfield code="9">#</subfield>
    <subfield code="a">Clemens</subfield>
    <subfield code="c">den Romein</subfield>
  </datafield>
  <datafield tag="400" ind1=" " ind2="0">
    <subfield code="7">ba0yba0y</subfield>
    <subfield code="9">#</subfield>
    <subfield code="a">Klemens</subfield>
    <subfield code="d">I</subfield>
    <subfield code="c">Papst</subfield>
  </datafield>
  <datafield tag="400" ind1=" " ind2="0">
    <subfield code="7">ba0yba0y</subfield>
    <subfield code="9">#</subfield>
    <subfield code="a">Klemens</subfield>
    <subfield code="d">I</subfield>
    <subfield code="c">von Rome</subfield>
  </datafield>
  <datafield tag="400" ind1=" " ind2="0">
    <subfield code="7">ba0yba0y</subfield>
    <subfield code="9">#</subfield>
    <subfield code="a">Klēmēs</subfield>
    <subfield code="c">ho Romēs</subfield>
  </datafield>
  <datafield tag="400" ind1=" " ind2="0">
    <subfield code="7">ba0yba0y</subfield>
    <subfield code="9">#</subfield>
    <subfield code="a">Klēmēs</subfield>
    <subfield code="c">Romaios</subfield>
  </datafield>
  <datafield tag="400" ind1=" " ind2="0">
    <subfield code="7">ba0yba0y</subfield>
    <subfield code="9">#</subfield>
    <subfield code="a">Klemens</subfield>
    <subfield code="d">I</subfield>
    <subfield code="c">papież</subfield>
  </datafield>
  <datafield tag="400" ind1=" " ind2="0">
    <subfield code="7">ba0yba0y</subfield>
    <subfield code="9">#</subfield>
    <subfield code="a">Klement</subfield>
    <subfield code="d">I</subfield>
    <subfield code="c">papež</subfield>
  </datafield>
  <datafield tag="400" ind1=" " ind2="0">
    <subfield code="7">ba0yba0y</subfield>
    <subfield code="9">#</subfield>
    <subfield code="a">Klement</subfield>
    <subfield code="c">svatý</subfield>
  </datafield>
  <datafield tag="400" ind1=" " ind2="0">
    <subfield code="7">ba0yba0y</subfield>
    <subfield code="9">#</subfield>
    <subfield code="a">Sveti Klement</subfield>
    <subfield code="c">rimski biskup</subfield>
  </datafield>
  <datafield tag="400" ind1=" " ind2="0">
    <subfield code="7">ba0yba0y</subfield>
    <subfield code="9">#</subfield>
    <subfield code="a">Klement</subfield>
    <subfield code="c">Sveti</subfield>
  </datafield>
  <datafield tag="400" ind1=" " ind2="0">
    <subfield code="7">ba0yba0y</subfield>
    <subfield code="9">#</subfield>
    <subfield code="a">Klement</subfield>
    <subfield code="c">Rimski</subfield>
    <subfield code="c">sveti</subfield>
  </datafield>
  <datafield tag="400" ind1=" " ind2="0">
    <subfield code="7">ba0yba0y</subfield>
    <subfield code="9">#</subfield>
    <subfield code="a">Klement</subfield>
    <subfield code="c">Rimski</subfield>
    <subfield code="c">papa</subfield>
  </datafield>
  <datafield tag="400" ind1=" " ind2="0">
    <subfield code="7">ba0yba0y</subfield>
    <subfield code="9">#</subfield>
    <subfield code="a">Klemens</subfield>
    <subfield code="c">Rzymski</subfield>
  </datafield>
  <datafield tag="400" ind1=" " ind2="0">
    <subfield code="7">ba0yba0y</subfield>
    <subfield code="9">#</subfield>
    <subfield code="a">Kliment</subfield>
    <subfield code="d">I</subfield>
    <subfield code="c">saint</subfield>
  </datafield>
  <datafield tag="400" ind1=" " ind2="0">
    <subfield code="7">ba0yba0y</subfield>
    <subfield code="9">#</subfield>
    <subfield code="a">Kliment</subfield>
    <subfield code="d">I</subfield>
    <subfield code="c">Rimskīĭ</subfield>
    <subfield code="c">Pope</subfield>
  </datafield>
  <datafield tag="400" ind1=" " ind2="0">
    <subfield code="7">ba0yba0y</subfield>
    <subfield code="9">#</subfield>
    <subfield code="a">Klyment</subfield>
    <subfield code="d">I</subfield>
    <subfield code="c">Pope</subfield>
  </datafield>
  <datafield tag="400" ind1=" " ind2="0">
    <subfield code="7">ba0yba0y</subfield>
    <subfield code="9">#</subfield>
    <subfield code="a">Klyment</subfield>
    <subfield code="d">I</subfield>
    <subfield code="c">Rymsʹkyĭ</subfield>
    <subfield code="c">Pope</subfield>
  </datafield>
  <datafield tag="400" ind1=" " ind2="0">
    <subfield code="7">ba0yba0y</subfield>
    <subfield code="9">#</subfield>
    <subfield code="a">Klyment</subfield>
    <subfield code="d">I</subfield>
    <subfield code="c">Rymskyi</subfield>
  </datafield>
  <datafield tag="400" ind1=" " ind2="0">
    <subfield code="7">ba0yba0y</subfield>
    <subfield code="9">#</subfield>
    <subfield code="a">Klyment</subfield>
    <subfield code="d">I</subfield>
    <subfield code="c">Římský</subfield>
    <subfield code="c">papež</subfield>
  </datafield>
  <datafield tag="400" ind1=" " ind2="0">
    <subfield code="7">ba0yba0y</subfield>
    <subfield code="9">#</subfield>
    <subfield code="a">Klymentiĭ</subfield>
    <subfield code="d">I</subfield>
    <subfield code="c">Pope</subfield>
  </datafield>
  <datafield tag="400" ind1=" " ind2="0">
    <subfield code="7">ba0yba0y</subfield>
    <subfield code="9">#</subfield>
    <subfield code="a">اقليمس</subfield>
  </datafield>
  <datafield tag="400" ind1=" " ind2="0">
    <subfield code="7">ba0yba0y</subfield>
    <subfield code="9">#</subfield>
    <subfield code="a">اكليمندس الروماني</subfield>
  </datafield>
  <datafield tag="400" ind1=" " ind2="0">
    <subfield code="7">ba0yba0y</subfield>
    <subfield code="9">#</subfield>
    <subfield code="a">Iklīmindis al-Rūmānī</subfield>
  </datafield>
  <datafield tag="400" ind1=" " ind2="0">
    <subfield code="7">ba0yba0y</subfield>
    <subfield code="9">#</subfield>
    <subfield code="a">Qlimis</subfield>
  </datafield>
  <datafield tag="400" ind1=" " ind2="0">
    <subfield code="6">a01</subfield>
    <subfield code="7">ba0yga0y</subfield>
    <subfield code="a">Κλήμης ο Ρώμης</subfield>
  </datafield>
  <datafield tag="400" ind1=" " ind2="0">
    <subfield code="6">a01</subfield>
    <subfield code="7">ba0yba0y</subfield>
    <subfield code="a">Klī́mīs o Rṓmīs</subfield>
  </datafield>
  <datafield tag="400" ind1=" " ind2="0">
    <subfield code="6">a02</subfield>
    <subfield code="7">ba0yga0y</subfield>
    <subfield code="a">Κλήμης Α´</subfield>
  </datafield>
  <datafield tag="400" ind1=" " ind2="0">
    <subfield code="6">a02</subfield>
    <subfield code="7">ba0yba0y</subfield>
    <subfield code="a">Klī́mīs A´</subfield>
  </datafield>
  <datafield tag="801" ind1=" " ind2="3">
    <subfield code="a">FR</subfield>
    <subfield code="b">Abes</subfield>
    <subfield code="c">20190709</subfield>
    <subfield code="g">AFNOR</subfield>
    <subfield code="h">028494911</subfield>
  </datafield>
  <datafield tag="810" ind1=" " ind2=" ">
    <subfield code="a">Épître de Clément de Rome ; trad. par Soeur Suzanne-Dominique, 1979</subfield>
  </datafield>
  <datafield tag="810" ind1=" " ind2=" ">
    <subfield code="a">GDEL</subfield>
  </datafield>
  <datafield tag="810" ind1=" " ind2=" ">
    <subfield code="a">Migne</subfield>
  </datafield>
  <datafield tag="810" ind1=" " ind2=" ">
    <subfield code="a">Mourre, 1986</subfield>
    <subfield code="b">Clément I (pape)</subfield>
  </datafield>
  <datafield tag="810" ind1=" " ind2=" ">
    <subfield code="a">Annu. pontificio, 1992</subfield>
  </datafield>
  <datafield tag="810" ind1=" " ind2=" ">
    <subfield code="a">VIAF, http://viaf.org/viaf/100251470/#Clement_I,_Pope</subfield>
  </datafield>
  <datafield tag="900" ind1=" " ind2=" ">
    <subfield code="a">Clément I (pape ; 00..-0097?)</subfield>
  </datafield>
  <datafield tag="901" ind1=" " ind2=" ">
    <subfield code="a">Clément I (saint)</subfield>
  </datafield>
  <datafield tag="901" ind1=" " ind2=" ">
    <subfield code="a">Clemens I (saint)</subfield>
  </datafield>
  <datafield tag="901" ind1=" " ind2=" ">
    <subfield code="a">Clément (saint)</subfield>
  </datafield>
  <datafield tag="901" ind1=" " ind2=" ">
    <subfield code="a">Clément de Rome (saint)</subfield>
  </datafield>
  <datafield tag="901" ind1=" " ind2=" ">
    <subfield code="a">Clément (de Rome)</subfield>
  </datafield>
  <datafield tag="901" ind1=" " ind2=" ">
    <subfield code="a">Clemens Romanus (saint)</subfield>
  </datafield>
  <datafield tag="901" ind1=" " ind2=" ">
    <subfield code="a">Clemens Romanus (sanctus)</subfield>
  </datafield>
  <datafield tag="901" ind1=" " ind2=" ">
    <subfield code="a">Clemens (sanctus)</subfield>
  </datafield>
  <datafield tag="901" ind1=" " ind2=" ">
    <subfield code="a">Clemens I (Romanus)</subfield>
  </datafield>
  <datafield tag="901" ind1=" " ind2=" ">
    <subfield code="a">Clemens (Romanus)</subfield>
  </datafield>
  <datafield tag="901" ind1=" " ind2=" ">
    <subfield code="a">Clemens I (papa Romanus)</subfield>
  </datafield>
  <datafield tag="901" ind1=" " ind2=" ">
    <subfield code="a">Klêmês Rômês</subfield>
  </datafield>
  <datafield tag="901" ind1=" " ind2=" ">
    <subfield code="a">Klêmês I</subfield>
  </datafield>
  <datafield tag="901" ind1=" " ind2=" ">
    <subfield code="a">Clemens I Romanus (paus)</subfield>
  </datafield>
  <datafield tag="901" ind1=" " ind2=" ">
    <subfield code="a">Clemente (de Roma ; séc. 1)</subfield>
  </datafield>
  <datafield tag="901" ind1=" " ind2=" ">
    <subfield code="a">Clemente Romano PP</subfield>
  </datafield>
  <datafield tag="901" ind1=" " ind2=" ">
    <subfield code="a">Clemente (Romano)</subfield>
  </datafield>
  <datafield tag="901" ind1=" " ind2=" ">
    <subfield code="a">Clemente (papa)</subfield>
  </datafield>
  <datafield tag="901" ind1=" " ind2=" ">
    <subfield code="a">Clemente I (Papa, Santo)</subfield>
  </datafield>
  <datafield tag="901" ind1=" " ind2=" ">
    <subfield code="a">Clemente I (Santo)</subfield>
  </datafield>
  <datafield tag="901" ind1=" " ind2=" ">
    <subfield code="a">Clement (Sanctus)</subfield>
  </datafield>
  <datafield tag="901" ind1=" " ind2=" ">
    <subfield code="a">Clement I (papa)</subfield>
  </datafield>
  <datafield tag="901" ind1=" " ind2=" ">
    <subfield code="a">Climent I (papa)</subfield>
  </datafield>
  <datafield tag="901" ind1=" " ind2=" ">
    <subfield code="a">Clemens (PP. I)</subfield>
  </datafield>
  <datafield tag="901" ind1=" " ind2=" ">
    <subfield code="a">Clemens I (papa)</subfield>
  </datafield>
  <datafield tag="901" ind1=" " ind2=" ">
    <subfield code="a">Clemens I (paus)</subfield>
  </datafield>
  <datafield tag="901" ind1=" " ind2=" ">
    <subfield code="a">Clemens I (påve)</subfield>
  </datafield>
  <datafield tag="901" ind1=" " ind2=" ">
    <subfield code="a">Clement I (Pope)</subfield>
  </datafield>
  <datafield tag="901" ind1=" " ind2=" ">
    <subfield code="a">Pope Clement I</subfield>
  </datafield>
  <datafield tag="901" ind1=" " ind2=" ">
    <subfield code="a">Kelemen I (Pope)</subfield>
  </datafield>
  <datafield tag="901" ind1=" " ind2=" ">
    <subfield code="a">Klemens I (Pope)</subfield>
  </datafield>
  <datafield tag="901" ind1=" " ind2=" ">
    <subfield code="a">Klemens I (påve)</subfield>
  </datafield>
  <datafield tag="901" ind1=" " ind2=" ">
    <subfield code="a">Klemens I (of Rome)</subfield>
  </datafield>
  <datafield tag="901" ind1=" " ind2=" ">
    <subfield code="a">Clement (of Rome)</subfield>
  </datafield>
  <datafield tag="901" ind1=" " ind2=" ">
    <subfield code="a">Clemens I (von Rome)</subfield>
  </datafield>
  <datafield tag="901" ind1=" " ind2=" ">
    <subfield code="a">Clemens I (van Rome)</subfield>
  </datafield>
  <datafield tag="901" ind1=" " ind2=" ">
    <subfield code="a">Clemens (den Romein)</subfield>
  </datafield>
  <datafield tag="901" ind1=" " ind2=" ">
    <subfield code="a">Klemens I (Papst)</subfield>
  </datafield>
  <datafield tag="901" ind1=" " ind2=" ">
    <subfield code="a">Klemens I (von Rome)</subfield>
  </datafield>
  <datafield tag="901" ind1=" " ind2=" ">
    <subfield code="a">Klēmēs (ho Romēs)</subfield>
  </datafield>
  <datafield tag="901" ind1=" " ind2=" ">
    <subfield code="a">Klēmēs (Romaios)</subfield>
  </datafield>
  <datafield tag="901" ind1=" " ind2=" ">
    <subfield code="a">Klemens I (papież)</subfield>
  </datafield>
  <datafield tag="901" ind1=" " ind2=" ">
    <subfield code="a">Klement I (papež)</subfield>
  </datafield>
  <datafield tag="901" ind1=" " ind2=" ">
    <subfield code="a">Klement (svatý)</subfield>
  </datafield>
  <datafield tag="901" ind1=" " ind2=" ">
    <subfield code="a">Sveti Klement (rimski biskup)</subfield>
  </datafield>
  <datafield tag="901" ind1=" " ind2=" ">
    <subfield code="a">Klement (Sveti)</subfield>
  </datafield>
  <datafield tag="901" ind1=" " ind2=" ">
    <subfield code="a">Klement (Rimski ; sveti)</subfield>
  </datafield>
  <datafield tag="901" ind1=" " ind2=" ">
    <subfield code="a">Klement (Rimski ; papa)</subfield>
  </datafield>
  <datafield tag="901" ind1=" " ind2=" ">
    <subfield code="a">Klemens (Rzymski)</subfield>
  </datafield>
  <datafield tag="901" ind1=" " ind2=" ">
    <subfield code="a">Kliment I (saint)</subfield>
  </datafield>
  <datafield tag="901" ind1=" " ind2=" ">
    <subfield code="a">Kliment I (Rimskīĭ ; Pope)</subfield>
  </datafield>
  <datafield tag="901" ind1=" " ind2=" ">
    <subfield code="a">Klyment I (Pope)</subfield>
  </datafield>
  <datafield tag="901" ind1=" " ind2=" ">
    <subfield code="a">Klyment I (Rymsʹkyĭ ; Pope)</subfield>
  </datafield>
  <datafield tag="901" ind1=" " ind2=" ">
    <subfield code="a">Klyment I (Rymskyi)</subfield>
  </datafield>
  <datafield tag="901" ind1=" " ind2=" ">
    <subfield code="a">Klyment I (Římský ; papež)</subfield>
  </datafield>
  <datafield tag="901" ind1=" " ind2=" ">
    <subfield code="a">Klymentiĭ I (Pope)</subfield>
  </datafield>
  <datafield tag="901" ind1=" " ind2=" ">
    <subfield code="a">اقليمس</subfield>
  </datafield>
  <datafield tag="901" ind1=" " ind2=" ">
    <subfield code="a">اكليمندس الروماني</subfield>
  </datafield>
  <datafield tag="901" ind1=" " ind2=" ">
    <subfield code="a">Iklīmindis al-Rūmānī</subfield>
  </datafield>
  <datafield tag="901" ind1=" " ind2=" ">
    <subfield code="a">Qlimis</subfield>
  </datafield>
  <datafield tag="901" ind1=" " ind2=" ">
    <subfield code="6">01</subfield>
    <subfield code="7">ga</subfield>
    <subfield code="a">Κλήμης ο Ρώμης</subfield>
  </datafield>
  <datafield tag="901" ind1=" " ind2=" ">
    <subfield code="6">01</subfield>
    <subfield code="7">ba</subfield>
    <subfield code="a">Klī́mīs o Rṓmīs</subfield>
  </datafield>
  <datafield tag="901" ind1=" " ind2=" ">
    <subfield code="6">02</subfield>
    <subfield code="7">ga</subfield>
    <subfield code="a">Κλήμης Α´</subfield>
  </datafield>
  <datafield tag="901" ind1=" " ind2=" ">
    <subfield code="6">02</subfield>
    <subfield code="7">ba</subfield>
    <subfield code="a">Klī́mīs A´</subfield>
  </datafield>
</record>