


<record>
  <leader>     cx  a22     3  45  </leader>
  <controlfield tag="001">028871294</controlfield>
  <controlfield tag="003">http://www.idref.fr/028871294</controlfield>
  <controlfield tag="004">19871217</controlfield>
  <controlfield tag="005">20150929111116.000</controlfield>
  <controlfield tag="006">0004</controlfield>
  <controlfield tag="007">4994</controlfield>
  <controlfield tag="008">Tp5</controlfield>
  <datafield tag="033" ind1=" " ind2=" ">
    <subfield code="a">http://catalogue.bnf.fr/ark:/12148/cb11906722j</subfield>
    <subfield code="2">BNF</subfield>
    <subfield code="d">20150918</subfield>
  </datafield>
  <datafield tag="035" ind1=" " ind2=" ">
    <subfield code="a">026912589</subfield>
    <subfield code="9">sudoc</subfield>
  </datafield>
  <datafield tag="035" ind1=" " ind2=" ">
    <subfield code="a">136825281</subfield>
    <subfield code="9">sudoc</subfield>
  </datafield>
  <datafield tag="035" ind1=" " ind2=" ">
    <subfield code="a">frBN003881106</subfield>
  </datafield>
  <datafield tag="035" ind1=" " ind2=" ">
    <subfield code="a">frBN000869928</subfield>
  </datafield>
  <datafield tag="035" ind1=" " ind2=" ">
    <subfield code="a">FRBNF119067220</subfield>
    <subfield code="z">FRBNF11906722</subfield>
  </datafield>
  <datafield tag="100" ind1=" " ind2=" ">
    <subfield code="a">19871217afrey50      ba0</subfield>
  </datafield>
  <datafield tag="101" ind1=" " ind2=" ">
    <subfield code="a">fre</subfield>
  </datafield>
  <datafield tag="102" ind1=" " ind2=" ">
    <subfield code="a">FR</subfield>
  </datafield>
  <datafield tag="103" ind1=" " ind2=" ">
    <subfield code="a"> 18340101 </subfield>
    <subfield code="b"> 19080507 </subfield>
  </datafield>
  <datafield tag="106" ind1=" " ind2=" ">
    <subfield code="a">0</subfield>
    <subfield code="b">1</subfield>
    <subfield code="c">0</subfield>
  </datafield>
  <datafield tag="120" ind1=" " ind2=" ">
    <subfield code="a">ba</subfield>
  </datafield>
  <datafield tag="152" ind1=" " ind2=" ">
    <subfield code="a">AFNOR</subfield>
  </datafield>
  <datafield tag="200" ind1=" " ind2="1">
    <subfield code="7">ba0yba0y</subfield>
    <subfield code="9">1</subfield>
    <subfield code="a">Halévy</subfield>
    <subfield code="b">Ludovic</subfield>
    <subfield code="f">1834-1908</subfield>
  </datafield>
  <datafield tag="300" ind1="0" ind2=" ">
    <subfield code="7">ba0yba0y</subfield>
    <subfield code="a">Écrivain français. Librettiste et romancier. Il écrivit une vingtaine d&apos;opérettes pour J. Offenbach et donna à Bizet le livret de Carmen. Membre de l&apos;Institut (Académie française, 1884). Fils de l&apos;écrivain : Halévy, Léon (1802-1883).</subfield>
  </datafield>
  <datafield tag="340" ind1=" " ind2=" ">
    <subfield code="7">ba0yba0y</subfield>
    <subfield code="a">Lieu de naissance Paris. Lieu de décès Paris</subfield>
  </datafield>
  <datafield tag="400" ind1=" " ind2="1">
    <subfield code="5">e|xxx</subfield>
    <subfield code="7">ba0yba0y</subfield>
    <subfield code="9">#</subfield>
    <subfield code="a">Servières</subfield>
    <subfield code="b">Jules</subfield>
    <subfield code="f">1834-1908</subfield>
  </datafield>
  <datafield tag="540" ind1=" " ind2=" ">
    <subfield code="Q">FRBNF15080303</subfield>
    <subfield code="7">ba0yba0y</subfield>
    <subfield code="a">Delibes, Léo (1836-1891)</subfield>
    <subfield code="t">[Les eaux d&apos;Ems]</subfield>
  </datafield>
  <datafield tag="540" ind1=" " ind2=" ">
    <subfield code="Q">FRBNF13969094</subfield>
    <subfield code="7">ba0yba0y</subfield>
    <subfield code="a">Offenbach, Jacques (1819-1880)</subfield>
    <subfield code="t">[Le château à Toto]</subfield>
  </datafield>
  <datafield tag="540" ind1=" " ind2=" ">
    <subfield code="Q">FRBNF13916719</subfield>
    <subfield code="7">ba0yba0y</subfield>
    <subfield code="a">Offenbach, Jacques (1819-1880)</subfield>
    <subfield code="t">[Monsieur Choufleuri restera chez lui le...]</subfield>
  </datafield>
  <datafield tag="540" ind1=" " ind2=" ">
    <subfield code="Q">FRBNF13857910</subfield>
    <subfield code="7">ba0yba0y</subfield>
    <subfield code="a">Bizet, Georges (1838-1875)</subfield>
    <subfield code="t">[Le Docteur Miracle]</subfield>
  </datafield>
  <datafield tag="540" ind1=" " ind2=" ">
    <subfield code="Q">FRBNF13945537</subfield>
    <subfield code="7">ba0yba0y</subfield>
    <subfield code="a">Offenbach, Jacques (1819-1880)</subfield>
    <subfield code="t">[La chanson de Fortunio]</subfield>
  </datafield>
  <datafield tag="540" ind1=" " ind2=" ">
    <subfield code="Q">FRBNF13916746</subfield>
    <subfield code="7">ba0yba0y</subfield>
    <subfield code="a">Offenbach, Jacques (1819-1880)</subfield>
    <subfield code="t">[La vie parisienne]</subfield>
  </datafield>
  <datafield tag="540" ind1=" " ind2=" ">
    <subfield code="3">033161771</subfield>
    <subfield code="7">ba0yba0y</subfield>
    <subfield code="a">Offenbach, Jacques (1819-1880)</subfield>
    <subfield code="t">La Périchole</subfield>
  </datafield>
  <datafield tag="540" ind1=" " ind2=" ">
    <subfield code="Q">FRBNF13916735</subfield>
    <subfield code="7">ba0yba0y</subfield>
    <subfield code="a">Offenbach, Jacques (1819-1880)</subfield>
    <subfield code="t">[Orphée aux Enfers]</subfield>
  </datafield>
  <datafield tag="540" ind1=" " ind2=" ">
    <subfield code="Q">FRBNF13916727</subfield>
    <subfield code="7">ba0yba0y</subfield>
    <subfield code="a">Offenbach, Jacques (1819-1880)</subfield>
    <subfield code="t">[La grande-duchesse de Gérolstein]</subfield>
  </datafield>
  <datafield tag="540" ind1=" " ind2=" ">
    <subfield code="3">034563504</subfield>
    <subfield code="7">ba0yba0y</subfield>
    <subfield code="a">Offenbach, Jacques (1819-1880)</subfield>
    <subfield code="t">Barbe-Bleue</subfield>
  </datafield>
  <datafield tag="540" ind1=" " ind2=" ">
    <subfield code="Q">FRBNF13916715</subfield>
    <subfield code="7">ba0yba0y</subfield>
    <subfield code="a">Offenbach, Jacques (1819-1880)</subfield>
    <subfield code="t">[Ba-Ta-Clan]</subfield>
  </datafield>
  <datafield tag="540" ind1=" " ind2=" ">
    <subfield code="Q">FRBNF13937190</subfield>
    <subfield code="7">ba0yba0y</subfield>
    <subfield code="a">Offenbach, Jacques (1819-1880)</subfield>
    <subfield code="t">[Les brigands]</subfield>
  </datafield>
  <datafield tag="686" ind1=" " ind2=" ">
    <subfield code="a">800</subfield>
    <subfield code="c">Littératures</subfield>
    <subfield code="2">Note de regroupement par domaine</subfield>
  </datafield>
  <datafield tag="801" ind1=" " ind2="3">
    <subfield code="a">FR</subfield>
    <subfield code="b">Abes</subfield>
    <subfield code="c">20150929</subfield>
    <subfield code="g">AFNOR</subfield>
    <subfield code="h">026912589</subfield>
  </datafield>
  <datafield tag="801" ind1=" " ind2="3">
    <subfield code="a">FR</subfield>
    <subfield code="b">Abes</subfield>
    <subfield code="c">20150929</subfield>
    <subfield code="g">AFNOR</subfield>
    <subfield code="h">136825281</subfield>
  </datafield>
  <datafield tag="801" ind1=" " ind2="0">
    <subfield code="a">FR</subfield>
    <subfield code="b">BnF</subfield>
    <subfield code="c">20080606</subfield>
  </datafield>
  <datafield tag="810" ind1=" " ind2=" ">
    <subfield code="a">BN APP (en ligne), 1996-01-16</subfield>
  </datafield>
  <datafield tag="810" ind1=" " ind2=" ">
    <subfield code="a">LCNA 1977-86. Honegger</subfield>
  </datafield>
  <datafield tag="810" ind1=" " ind2=" ">
    <subfield code="a">Une pleine eau / opérette-bouffe par M. Jules Servières ; musique de M. le Cte d&apos;Osmond et Jules Costé, [1855?]</subfield>
  </datafield>
  <datafield tag="810" ind1=" " ind2=" ">
    <subfield code="a">La famille Cardinal / Ludovic Halévy, 1883</subfield>
  </datafield>
  <datafield tag="900" ind1=" " ind2=" ">
    <subfield code="a">Halévy, Ludovic (1834-1908)</subfield>
  </datafield>
  <datafield tag="901" ind1=" " ind2=" ">
    <subfield code="a">Servières, Jules (1834-1908)</subfield>
  </datafield>
</record>