


<record>
  <leader>     cx  a22     3  45  </leader>
  <controlfield tag="001">028909518</controlfield>
  <controlfield tag="003">http://www.idref.fr/028909518</controlfield>
  <controlfield tag="004">19880128</controlfield>
  <controlfield tag="005">20190520091427.000</controlfield>
  <controlfield tag="006">0004</controlfield>
  <controlfield tag="007">341720001</controlfield>
  <controlfield tag="008">Tp5</controlfield>
  <datafield tag="010" ind1=" " ind2=" ">
    <subfield code="a">0000000121867242</subfield>
    <subfield code="2">BNF</subfield>
    <subfield code="d">20150918</subfield>
  </datafield>
  <datafield tag="033" ind1=" " ind2=" ">
    <subfield code="a">http://catalogue.bnf.fr/ark:/12148/cb138964967</subfield>
    <subfield code="2">BNF</subfield>
    <subfield code="d">20150918</subfield>
  </datafield>
  <datafield tag="035" ind1=" " ind2=" ">
    <subfield code="a">077442865</subfield>
    <subfield code="9">sudoc</subfield>
  </datafield>
  <datafield tag="035" ind1=" " ind2=" ">
    <subfield code="a">frBN003913600</subfield>
  </datafield>
  <datafield tag="035" ind1=" " ind2=" ">
    <subfield code="a">FRBNF120647804</subfield>
    <subfield code="z">FRBNF12064780</subfield>
  </datafield>
  <datafield tag="035" ind1=" " ind2=" ">
    <subfield code="a">FRBNF138964961</subfield>
    <subfield code="z">FRBNF13896496</subfield>
  </datafield>
  <datafield tag="100" ind1=" " ind2=" ">
    <subfield code="a">19880128afrey50      ba0</subfield>
  </datafield>
  <datafield tag="101" ind1=" " ind2=" ">
    <subfield code="a">fre</subfield>
  </datafield>
  <datafield tag="102" ind1=" " ind2=" ">
    <subfield code="a">FR</subfield>
  </datafield>
  <datafield tag="103" ind1=" " ind2=" ">
    <subfield code="a"> 19320224 </subfield>
    <subfield code="b"> 20190126 </subfield>
  </datafield>
  <datafield tag="106" ind1=" " ind2=" ">
    <subfield code="a">0</subfield>
    <subfield code="b">1</subfield>
    <subfield code="c">0</subfield>
  </datafield>
  <datafield tag="120" ind1=" " ind2=" ">
    <subfield code="a">ba</subfield>
  </datafield>
  <datafield tag="152" ind1=" " ind2=" ">
    <subfield code="a">AFNOR</subfield>
  </datafield>
  <datafield tag="200" ind1=" " ind2="1">
    <subfield code="7">ba0yba0y</subfield>
    <subfield code="9">0</subfield>
    <subfield code="a">Legrand</subfield>
    <subfield code="b">Michel</subfield>
    <subfield code="f">1932-2019</subfield>
    <subfield code="c">compositeur</subfield>
  </datafield>
  <datafield tag="340" ind1=" " ind2=" ">
    <subfield code="7">ba0yba0y</subfield>
    <subfield code="a">Compositeur, pianiste de jazz, chef d&apos;orchestre de variétés. - A aussi utilisé le pseudonyme Mig Bike</subfield>
  </datafield>
  <datafield tag="510" ind1="0" ind2="2">
    <subfield code="3">163760322</subfield>
    <subfield code="5">x|xmx</subfield>
    <subfield code="7">ba0yba0y</subfield>
    <subfield code="a">Michel Legrand et son orchestre</subfield>
  </datafield>
  <datafield tag="801" ind1=" " ind2="3">
    <subfield code="a">FR</subfield>
    <subfield code="b">Abes</subfield>
    <subfield code="c">20190520</subfield>
    <subfield code="g">AFNOR</subfield>
    <subfield code="h">077442865</subfield>
  </datafield>
  <datafield tag="801" ind1=" " ind2="0">
    <subfield code="a">FR</subfield>
    <subfield code="b">BnF</subfield>
    <subfield code="c">20040212</subfield>
  </datafield>
  <datafield tag="810" ind1=" " ind2=" ">
    <subfield code="a">Les enfants de Lumière / Jacques Perrin, [éd. scientifique] ; Michel Legrand, mus., © 1997</subfield>
  </datafield>
  <datafield tag="810" ind1=" " ind2=" ">
    <subfield code="a">Www.lemonde.fr, 2019-01-26</subfield>
    <subfield code="b">Le compositeur Michel Legrand est mort le 26 janvier 2019</subfield>
  </datafield>
  <datafield tag="810" ind1=" " ind2=" ">
    <subfield code="a">Internet, https://fr.wikipedia.org/wiki/Michel_Legrand (2018-01-22)</subfield>
    <subfield code="b">Michel Legrand est un musicien, compositeur, chanteur et arrangeur français, né le 24 février 1932 à Paris 20e, dans le quartier de Ménilmontant. Sa carrière de compositeur pour le cinéma lui a valu de remporter trois Oscars.</subfield>
  </datafield>
  <datafield tag="810" ind1=" " ind2=" ">
    <subfield code="a">Yentl [Images animées] / Barbra Streisand, réal. ; [...] Michel Legrand, comp... [et al.], [1985]</subfield>
  </datafield>
  <datafield tag="810" ind1=" " ind2=" ">
    <subfield code="a">Encyclopédisque [sous le titre &quot;Rock and roll-mops&quot;] - http://www.encyclopedisque.fr (2014-09-16)</subfield>
  </datafield>
  <datafield tag="900" ind1=" " ind2=" ">
    <subfield code="a">Legrand, Michel (1932-2019 ; compositeur)</subfield>
  </datafield>
</record>