


<record>
  <leader>     cx  a22     3  45  </leader>
  <controlfield tag="001">028963563</controlfield>
  <controlfield tag="003">http://www.idref.fr/028963563</controlfield>
  <controlfield tag="004">19880308</controlfield>
  <controlfield tag="005">20150929130034.000</controlfield>
  <controlfield tag="006">0004</controlfield>
  <controlfield tag="007">4994</controlfield>
  <controlfield tag="008">Tp5</controlfield>
  <datafield tag="010" ind1=" " ind2=" ">
    <subfield code="a">0000000000683877</subfield>
    <subfield code="2">BNF</subfield>
    <subfield code="d">20150918</subfield>
  </datafield>
  <datafield tag="033" ind1=" " ind2=" ">
    <subfield code="a">http://catalogue.bnf.fr/ark:/12148/cb12069030s</subfield>
    <subfield code="2">BNF</subfield>
    <subfield code="d">20150918</subfield>
  </datafield>
  <datafield tag="035" ind1=" " ind2=" ">
    <subfield code="a">frBN003959793</subfield>
  </datafield>
  <datafield tag="035" ind1=" " ind2=" ">
    <subfield code="a">FRBNF120690307</subfield>
    <subfield code="z">FRBNF12069030</subfield>
  </datafield>
  <datafield tag="100" ind1=" " ind2=" ">
    <subfield code="a">19880308afrey50      ba0</subfield>
  </datafield>
  <datafield tag="101" ind1=" " ind2=" ">
    <subfield code="a">fre</subfield>
  </datafield>
  <datafield tag="102" ind1=" " ind2=" ">
    <subfield code="a">FR</subfield>
  </datafield>
  <datafield tag="106" ind1=" " ind2=" ">
    <subfield code="a">0</subfield>
    <subfield code="b">#</subfield>
  </datafield>
  <datafield tag="152" ind1=" " ind2=" ">
    <subfield code="a">AFNOR</subfield>
  </datafield>
  <datafield tag="200" ind1=" " ind2="1">
    <subfield code="7">ba0yba0y</subfield>
    <subfield code="5">l|xxx</subfield>
    <subfield code="9">0</subfield>
    <subfield code="a">Dandré</subfield>
    <subfield code="b">Paul</subfield>
  </datafield>
  <datafield tag="500" ind1=" " ind2=" ">
    <subfield code="3">028811968</subfield>
    <subfield code="7">ba0yba0y</subfield>
    <subfield code="a">Michel</subfield>
    <subfield code="b">Marc Antoine Amédée</subfield>
    <subfield code="f">1812-1868</subfield>
  </datafield>
  <datafield tag="500" ind1=" " ind2=" ">
    <subfield code="3">026957280</subfield>
    <subfield code="7">ba0yba0y</subfield>
    <subfield code="a">Labiche</subfield>
    <subfield code="b">Eugène</subfield>
    <subfield code="f">1815-1888</subfield>
  </datafield>
  <datafield tag="500" ind1=" " ind2=" ">
    <subfield code="3">029652383</subfield>
    <subfield code="7">ba0yba0y</subfield>
    <subfield code="a">Lefranc</subfield>
    <subfield code="b">Auguste</subfield>
    <subfield code="f">1814-1878</subfield>
  </datafield>
  <datafield tag="801" ind1=" " ind2="3">
    <subfield code="a">FR</subfield>
    <subfield code="b">Abes</subfield>
    <subfield code="c">20150929</subfield>
    <subfield code="g">AFNOR</subfield>
  </datafield>
  <datafield tag="810" ind1=" " ind2=" ">
    <subfield code="a">Le Roi le veut / P. Dandré, in : Labiche / E. Haymann, 1987</subfield>
  </datafield>
  <datafield tag="900" ind1=" " ind2=" ">
    <subfield code="a">Dandré, Paul</subfield>
  </datafield>
</record>