


<record>
  <leader>     cx  a22     3  45  </leader>
  <controlfield tag="001">029445590</controlfield>
  <controlfield tag="003">http://www.idref.fr/029445590</controlfield>
  <controlfield tag="004">19890317</controlfield>
  <controlfield tag="005">20150930041718.000</controlfield>
  <controlfield tag="006">0004</controlfield>
  <controlfield tag="007">4994</controlfield>
  <controlfield tag="008">Tp5</controlfield>
  <datafield tag="033" ind1=" " ind2=" ">
    <subfield code="a">http://catalogue.bnf.fr/ark:/12148/cb121071357</subfield>
    <subfield code="2">BNF</subfield>
    <subfield code="d">20150918</subfield>
  </datafield>
  <datafield tag="035" ind1=" " ind2=" ">
    <subfield code="a">104443472</subfield>
    <subfield code="9">sudoc</subfield>
  </datafield>
  <datafield tag="035" ind1=" " ind2=" ">
    <subfield code="a">frBN004476801</subfield>
  </datafield>
  <datafield tag="035" ind1=" " ind2=" ">
    <subfield code="a">FRBNF121071350</subfield>
    <subfield code="z">FRBNF12107135</subfield>
  </datafield>
  <datafield tag="100" ind1=" " ind2=" ">
    <subfield code="a">19890317afrey50      ba0</subfield>
  </datafield>
  <datafield tag="101" ind1=" " ind2=" ">
    <subfield code="a">fre</subfield>
  </datafield>
  <datafield tag="102" ind1=" " ind2=" ">
    <subfield code="a">FR</subfield>
  </datafield>
  <datafield tag="103" ind1=" " ind2=" ">
    <subfield code="a"> 19140528 </subfield>
    <subfield code="b"> 20040524 </subfield>
  </datafield>
  <datafield tag="106" ind1=" " ind2=" ">
    <subfield code="a">0</subfield>
    <subfield code="b">1</subfield>
    <subfield code="c">0</subfield>
  </datafield>
  <datafield tag="120" ind1=" " ind2=" ">
    <subfield code="a">ba</subfield>
  </datafield>
  <datafield tag="152" ind1=" " ind2=" ">
    <subfield code="a">AFNOR</subfield>
  </datafield>
  <datafield tag="200" ind1=" " ind2="1">
    <subfield code="7">ba0yba0y</subfield>
    <subfield code="9">0</subfield>
    <subfield code="a">Boyer</subfield>
    <subfield code="b">Jean</subfield>
    <subfield code="f">1914-2004</subfield>
  </datafield>
  <datafield tag="340" ind1=" " ind2=" ">
    <subfield code="7">ba0yba0y</subfield>
    <subfield code="a">Docteur ès lettres (Aix-en-Provence, 1970). - Conservateur en chef honoraire des Musées de France (en 1989). - A été bibliothècaire à la Mejanes, Aix en Provence.</subfield>
  </datafield>
  <datafield tag="801" ind1=" " ind2="3">
    <subfield code="a">FR</subfield>
    <subfield code="b">Abes</subfield>
    <subfield code="c">20150930</subfield>
    <subfield code="g">AFNOR</subfield>
    <subfield code="h">104443472</subfield>
  </datafield>
  <datafield tag="810" ind1=" " ind2=" ">
    <subfield code="a">Internet : catalogue.bnf.fr, 03-09-2014</subfield>
    <subfield code="b">Date de décès : 2004-05-24. A été bibliothècaire à la Mejanes, Aix en Provence.</subfield>
  </datafield>
  <datafield tag="810" ind1=" " ind2=" ">
    <subfield code="a">Les Fontaines d&apos;Aix-en-Provence / J. Boyer, 1986</subfield>
    <subfield code="b">Conservateur en chef honoraire des Musées de France</subfield>
  </datafield>
  <datafield tag="900" ind1=" " ind2=" ">
    <subfield code="a">Boyer, Jean (1914-2004)</subfield>
  </datafield>
</record>