


<record>
  <leader>     cx  a22     3  45  </leader>
  <controlfield tag="001">029496462</controlfield>
  <controlfield tag="003">http://www.idref.fr/029496462</controlfield>
  <controlfield tag="004">19890426</controlfield>
  <controlfield tag="005">20190507033318.000</controlfield>
  <controlfield tag="006">0004</controlfield>
  <controlfield tag="007">4994</controlfield>
  <controlfield tag="008">Tp5</controlfield>
  <datafield tag="010" ind1=" " ind2=" ">
    <subfield code="a">0000000107982850</subfield>
    <subfield code="2">BNF</subfield>
    <subfield code="d">20190507</subfield>
  </datafield>
  <datafield tag="033" ind1=" " ind2=" ">
    <subfield code="a">http://catalogue.bnf.fr/ark:/12148/cb121111579</subfield>
    <subfield code="2">BNF</subfield>
    <subfield code="d">20150918</subfield>
  </datafield>
  <datafield tag="035" ind1=" " ind2=" ">
    <subfield code="a">frBN004535235</subfield>
  </datafield>
  <datafield tag="035" ind1=" " ind2=" ">
    <subfield code="a">FRBNF121111574</subfield>
    <subfield code="z">FRBNF12111157</subfield>
  </datafield>
  <datafield tag="100" ind1=" " ind2=" ">
    <subfield code="a">19890426afrey50      ba0</subfield>
  </datafield>
  <datafield tag="101" ind1=" " ind2=" ">
    <subfield code="a">lat</subfield>
  </datafield>
  <datafield tag="102" ind1=" " ind2=" ">
    <subfield code="a">FR</subfield>
  </datafield>
  <datafield tag="103" ind1=" " ind2=" ">
    <subfield code="a"> 15..     </subfield>
    <subfield code="b"> 1...     </subfield>
  </datafield>
  <datafield tag="106" ind1=" " ind2=" ">
    <subfield code="a">0</subfield>
    <subfield code="b">#</subfield>
  </datafield>
  <datafield tag="152" ind1=" " ind2=" ">
    <subfield code="a">AFNOR</subfield>
  </datafield>
  <datafield tag="200" ind1=" " ind2="1">
    <subfield code="7">ba0yba0y</subfield>
    <subfield code="5">e|xxx</subfield>
    <subfield code="8">frelat</subfield>
    <subfield code="9">0</subfield>
    <subfield code="a">Brutus</subfield>
    <subfield code="b">Stephanus Junius</subfield>
    <subfield code="f">15..-1...</subfield>
  </datafield>
  <datafield tag="300" ind1="0" ind2=" ">
    <subfield code="7">ba0yba0y</subfield>
    <subfield code="a">Polémiste protestant, auteur des &quot;Vindiciae contra tyrannos. Ce pseudonyme semble appartenir à Hubert Languet (1518-1581), et peut-être à Philippe de Mornay (1549-1623). Parfois aussi identifié avec Théodore de Bèze (1519-1605)</subfield>
  </datafield>
  <datafield tag="400" ind1=" " ind2="1">
    <subfield code="5">e|xxx</subfield>
    <subfield code="7">ba0yba0y</subfield>
    <subfield code="8">frelat</subfield>
    <subfield code="9">#</subfield>
    <subfield code="a">Junius Brutus</subfield>
    <subfield code="b">Stephanus</subfield>
  </datafield>
  <datafield tag="400" ind1=" " ind2="1">
    <subfield code="5">e|xxx</subfield>
    <subfield code="7">ba0yba0y</subfield>
    <subfield code="8">frefrm</subfield>
    <subfield code="9">#</subfield>
    <subfield code="a">Brutus</subfield>
    <subfield code="b">Estienne Junius</subfield>
  </datafield>
  <datafield tag="400" ind1=" " ind2="1">
    <subfield code="5">e|xxx</subfield>
    <subfield code="7">ba0yba0y</subfield>
    <subfield code="8">frefrm</subfield>
    <subfield code="9">#</subfield>
    <subfield code="a">Junius Brutus</subfield>
    <subfield code="b">Estienne</subfield>
  </datafield>
  <datafield tag="400" ind1=" " ind2="1">
    <subfield code="5">e|xxx</subfield>
    <subfield code="7">ba0yba0y</subfield>
    <subfield code="8">frefre</subfield>
    <subfield code="9">#</subfield>
    <subfield code="a">Brutus</subfield>
    <subfield code="b">Étienne Junius</subfield>
  </datafield>
  <datafield tag="500" ind1=" " ind2=" ">
    <subfield code="3">026757613</subfield>
    <subfield code="7">ba0yba0y</subfield>
    <subfield code="a">Languet</subfield>
    <subfield code="b">Hubert</subfield>
    <subfield code="f">1518-1581</subfield>
  </datafield>
  <datafield tag="500" ind1=" " ind2=" ">
    <subfield code="3">027151786</subfield>
    <subfield code="7">ba0yba0y</subfield>
    <subfield code="a">Mornay</subfield>
    <subfield code="b">Philippe de</subfield>
    <subfield code="f">1549-1623</subfield>
  </datafield>
  <datafield tag="500" ind1=" " ind2=" ">
    <subfield code="3">026726920</subfield>
    <subfield code="7">ba0yba0y</subfield>
    <subfield code="a">Bèze</subfield>
    <subfield code="b">Théodore de</subfield>
    <subfield code="f">1519-1605</subfield>
  </datafield>
  <datafield tag="801" ind1=" " ind2="3">
    <subfield code="a">FR</subfield>
    <subfield code="b">Abes</subfield>
    <subfield code="c">20190507</subfield>
    <subfield code="g">AFNOR</subfield>
  </datafield>
  <datafield tag="810" ind1=" " ind2=" ">
    <subfield code="a">Vindiciae contra tyrannos, sive De principis in populum populique in principem legitima potestate / Stephano Junio Bruto,... auctore, 1579. Vindiciae contra tyrannos : trad. française de 1581 / Étienne Junius Brutus ; [préf. de C. Superantius], 1979</subfield>
  </datafield>
  <datafield tag="810" ind1=" " ind2=" ">
    <subfield code="a">Quérard, Supercheries</subfield>
  </datafield>
  <datafield tag="810" ind1=" " ind2=" ">
    <subfield code="a">BN Cat. gén. (sous le nom de Théodore de Bèze)</subfield>
  </datafield>
  <datafield tag="900" ind1=" " ind2=" ">
    <subfield code="a">Brutus, Stephanus Junius (15..-1...)</subfield>
  </datafield>
  <datafield tag="901" ind1=" " ind2=" ">
    <subfield code="a">Junius Brutus, Stephanus</subfield>
  </datafield>
  <datafield tag="901" ind1=" " ind2=" ">
    <subfield code="a">Brutus, Estienne Junius</subfield>
  </datafield>
  <datafield tag="901" ind1=" " ind2=" ">
    <subfield code="a">Junius Brutus, Estienne</subfield>
  </datafield>
  <datafield tag="901" ind1=" " ind2=" ">
    <subfield code="a">Brutus, Étienne Junius</subfield>
  </datafield>
</record>