


<record>
  <leader>     cx  a22     3  45  </leader>
  <controlfield tag="001">029553652</controlfield>
  <controlfield tag="003">http://www.idref.fr/029553652</controlfield>
  <controlfield tag="004">19890612</controlfield>
  <controlfield tag="005">20150930042320.000</controlfield>
  <controlfield tag="006">0004</controlfield>
  <controlfield tag="007">4994</controlfield>
  <controlfield tag="008">Tp5</controlfield>
  <datafield tag="033" ind1=" " ind2=" ">
    <subfield code="a">http://catalogue.bnf.fr/ark:/12148/cb121155383</subfield>
    <subfield code="2">BNF</subfield>
    <subfield code="d">20150918</subfield>
  </datafield>
  <datafield tag="035" ind1=" " ind2=" ">
    <subfield code="a">frBN004598449</subfield>
  </datafield>
  <datafield tag="035" ind1=" " ind2=" ">
    <subfield code="a">FRBNF121155389</subfield>
    <subfield code="z">FRBNF12115538</subfield>
  </datafield>
  <datafield tag="100" ind1=" " ind2=" ">
    <subfield code="a">19890612afrey50      ba0</subfield>
  </datafield>
  <datafield tag="101" ind1=" " ind2=" ">
    <subfield code="a">fre</subfield>
  </datafield>
  <datafield tag="102" ind1=" " ind2=" ">
    <subfield code="a">FR</subfield>
  </datafield>
  <datafield tag="106" ind1=" " ind2=" ">
    <subfield code="a">0</subfield>
    <subfield code="b">#</subfield>
  </datafield>
  <datafield tag="152" ind1=" " ind2=" ">
    <subfield code="a">AFNOR</subfield>
  </datafield>
  <datafield tag="200" ind1=" " ind2="0">
    <subfield code="7">ba0yba0y</subfield>
    <subfield code="5">l|xxx</subfield>
    <subfield code="9">0</subfield>
    <subfield code="a">Delaligne</subfield>
  </datafield>
  <datafield tag="300" ind1="0" ind2=" ">
    <subfield code="7">ba0yba0y</subfield>
    <subfield code="a">Pseudonyme collectif de Marc-Antoine-Madeleine Désaugiers (1772-1827) et Antoine-Vincent Arnault (1766-1834)</subfield>
  </datafield>
  <datafield tag="500" ind1=" " ind2=" ">
    <subfield code="3">033575258</subfield>
    <subfield code="7">ba0yba0y</subfield>
    <subfield code="a">Désaugiers</subfield>
    <subfield code="b">Marc-Antoine-Madeleine</subfield>
    <subfield code="f">1772-1827</subfield>
  </datafield>
  <datafield tag="500" ind1=" " ind2=" ">
    <subfield code="3">033830622</subfield>
    <subfield code="7">ba0yba0y</subfield>
    <subfield code="a">Arnault</subfield>
    <subfield code="b">Antoine Vincent</subfield>
    <subfield code="f">1766-1834</subfield>
  </datafield>
  <datafield tag="801" ind1=" " ind2="3">
    <subfield code="a">FR</subfield>
    <subfield code="b">Abes</subfield>
    <subfield code="c">20150930</subfield>
    <subfield code="g">AFNOR</subfield>
  </datafield>
  <datafield tag="810" ind1=" " ind2=" ">
    <subfield code="a">Cadet-Roussel esturgeon : folie-parade en deux actes, mêlée de vaudevilles / par M. Delaligne, 1813</subfield>
  </datafield>
  <datafield tag="810" ind1=" " ind2=" ">
    <subfield code="a">BN Cat. gén. (art. Arnault, Antoine-Vincent)</subfield>
  </datafield>
  <datafield tag="900" ind1=" " ind2=" ">
    <subfield code="a">Delaligne</subfield>
  </datafield>
</record>