


<record>
  <leader>     cx  a22     3  45  </leader>
  <controlfield tag="001">029652383</controlfield>
  <controlfield tag="003">http://www.idref.fr/029652383</controlfield>
  <controlfield tag="004">19890905</controlfield>
  <controlfield tag="005">20160706191031.000</controlfield>
  <controlfield tag="006">0004</controlfield>
  <controlfield tag="007">4096</controlfield>
  <controlfield tag="008">Tp5</controlfield>
  <datafield tag="010" ind1=" " ind2=" ">
    <subfield code="a">0000000066373943</subfield>
    <subfield code="2">BNF</subfield>
    <subfield code="d">20150918</subfield>
  </datafield>
  <datafield tag="033" ind1=" " ind2=" ">
    <subfield code="a">http://catalogue.bnf.fr/ark:/12148/cb12123193v</subfield>
    <subfield code="2">BNF</subfield>
    <subfield code="d">20150918</subfield>
  </datafield>
  <datafield tag="035" ind1=" " ind2=" ">
    <subfield code="a">108906108</subfield>
    <subfield code="9">sudoc</subfield>
  </datafield>
  <datafield tag="035" ind1=" " ind2=" ">
    <subfield code="a">frBN004710617</subfield>
  </datafield>
  <datafield tag="035" ind1=" " ind2=" ">
    <subfield code="a">FRBNF121231933</subfield>
    <subfield code="z">FRBNF12123193</subfield>
  </datafield>
  <datafield tag="100" ind1=" " ind2=" ">
    <subfield code="a">19890905afrey50      ba0</subfield>
  </datafield>
  <datafield tag="101" ind1=" " ind2=" ">
    <subfield code="a">fre</subfield>
  </datafield>
  <datafield tag="102" ind1=" " ind2=" ">
    <subfield code="a">FR</subfield>
  </datafield>
  <datafield tag="103" ind1=" " ind2=" ">
    <subfield code="a"> 1814     </subfield>
    <subfield code="b"> 18781215 </subfield>
  </datafield>
  <datafield tag="106" ind1=" " ind2=" ">
    <subfield code="a">0</subfield>
    <subfield code="b">#</subfield>
  </datafield>
  <datafield tag="152" ind1=" " ind2=" ">
    <subfield code="a">AFNOR</subfield>
  </datafield>
  <datafield tag="200" ind1=" " ind2="1">
    <subfield code="7">ba0yba0y</subfield>
    <subfield code="9">0</subfield>
    <subfield code="a">Lefranc</subfield>
    <subfield code="b">Auguste</subfield>
    <subfield code="f">1814-1878</subfield>
  </datafield>
  <datafield tag="300" ind1="0" ind2=" ">
    <subfield code="7">ba0yba0y</subfield>
    <subfield code="a">Auteur de vaudevilles, souvent en collaboration avec Labiche. Collaborateur de La Revue des théâtres, La Revue des artistes etc.</subfield>
  </datafield>
  <datafield tag="400" ind1=" " ind2="1">
    <subfield code="7">ba0yba0y</subfield>
    <subfield code="a">Lefranc</subfield>
    <subfield code="b">Pierre-Charles-Auguste</subfield>
  </datafield>
  <datafield tag="500" ind1=" " ind2=" ">
    <subfield code="3">028963563</subfield>
    <subfield code="7">ba0yba0y</subfield>
    <subfield code="a">Dandré</subfield>
    <subfield code="b">Paul</subfield>
  </datafield>
  <datafield tag="801" ind1=" " ind2="3">
    <subfield code="a">FR</subfield>
    <subfield code="b">Abes</subfield>
    <subfield code="c">20160706</subfield>
    <subfield code="g">AFNOR</subfield>
    <subfield code="h">108906108</subfield>
  </datafield>
  <datafield tag="810" ind1=" " ind2=" ">
    <subfield code="a">L&apos;homme de paille / par MM. E. Labiche et A. Lefranc, 1843</subfield>
  </datafield>
  <datafield tag="810" ind1=" " ind2=" ">
    <subfield code="a">Larousse 19e s.</subfield>
  </datafield>
  <datafield tag="810" ind1=" " ind2=" ">
    <subfield code="a">BN Cat. gén.</subfield>
  </datafield>
  <datafield tag="900" ind1=" " ind2=" ">
    <subfield code="a">Lefranc, Auguste (1814-1878)</subfield>
  </datafield>
  <datafield tag="901" ind1=" " ind2=" ">
    <subfield code="a">Lefranc, Pierre-Charles-Auguste</subfield>
  </datafield>
</record>