


<record>
  <leader>     cx  a22     3  45  </leader>
  <controlfield tag="001">030317444</controlfield>
  <controlfield tag="003">http://www.idref.fr/030317444</controlfield>
  <controlfield tag="004">19901210</controlfield>
  <controlfield tag="005">20150930051042.000</controlfield>
  <controlfield tag="006">0004</controlfield>
  <controlfield tag="007">4994</controlfield>
  <controlfield tag="008">Tp5</controlfield>
  <datafield tag="010" ind1=" " ind2=" ">
    <subfield code="a">0000000121230612</subfield>
    <subfield code="2">BNF</subfield>
    <subfield code="d">20150918</subfield>
  </datafield>
  <datafield tag="033" ind1=" " ind2=" ">
    <subfield code="a">http://catalogue.bnf.fr/ark:/12148/cb12175809k</subfield>
    <subfield code="2">BNF</subfield>
    <subfield code="d">20150918</subfield>
  </datafield>
  <datafield tag="035" ind1=" " ind2=" ">
    <subfield code="a">frBN005814750</subfield>
  </datafield>
  <datafield tag="035" ind1=" " ind2=" ">
    <subfield code="a">frBN014407045</subfield>
  </datafield>
  <datafield tag="035" ind1=" " ind2=" ">
    <subfield code="a">FRBNF135094875</subfield>
    <subfield code="z">FRBNF13509487</subfield>
  </datafield>
  <datafield tag="035" ind1=" " ind2=" ">
    <subfield code="a">FRBNF121758095</subfield>
    <subfield code="z">FRBNF12175809</subfield>
  </datafield>
  <datafield tag="100" ind1=" " ind2=" ">
    <subfield code="a">19901210afrey50      ba0</subfield>
  </datafield>
  <datafield tag="101" ind1=" " ind2=" ">
    <subfield code="a">ara</subfield>
  </datafield>
  <datafield tag="102" ind1=" " ind2=" ">
    <subfield code="a">XX</subfield>
  </datafield>
  <datafield tag="103" ind1=" " ind2=" ">
    <subfield code="a"> 0969     </subfield>
    <subfield code="b"> 1008     </subfield>
  </datafield>
  <datafield tag="106" ind1=" " ind2=" ">
    <subfield code="a">0</subfield>
    <subfield code="b">#</subfield>
  </datafield>
  <datafield tag="152" ind1=" " ind2=" ">
    <subfield code="a">AFNOR</subfield>
  </datafield>
  <datafield tag="200" ind1=" " ind2="1">
    <subfield code="6">a00</subfield>
    <subfield code="7">ba0yfa1y</subfield>
    <subfield code="a">بديع الزمان الهمذاني</subfield>
    <subfield code="b">أحمد ابن الحسين</subfield>
  </datafield>
  <datafield tag="200" ind1=" " ind2="1">
    <subfield code="6">a00</subfield>
    <subfield code="7">ba0yba0y</subfield>
    <subfield code="a">Badīʿ al-Zamān al-Hamaḏānī</subfield>
    <subfield code="b">Aḥmad ibn al-Ḥusayn</subfield>
    <subfield code="f">0969-1008</subfield>
  </datafield>
  <datafield tag="300" ind1="0" ind2=" ">
    <subfield code="7">ba0yba0y</subfield>
    <subfield code="a">Fait l&apos;objet de traduction en français</subfield>
  </datafield>
  <datafield tag="340" ind1=" " ind2=" ">
    <subfield code="7">ba0yba0y</subfield>
    <subfield code="a">Poète et écrivain. Naquit à Hamadhān, s&apos;installa et mourut à Herat</subfield>
  </datafield>
  <datafield tag="400" ind1=" " ind2="1">
    <subfield code="7">ba0yba0y</subfield>
    <subfield code="9">#</subfield>
    <subfield code="a">Hamaḏānī</subfield>
    <subfield code="b">Aḥmad ibn al-Ḥusayn Badīʿ al-Zamān al-</subfield>
  </datafield>
  <datafield tag="400" ind1=" " ind2="1">
    <subfield code="7">ba0yba0y</subfield>
    <subfield code="9">#</subfield>
    <subfield code="a">Hamadhānī</subfield>
    <subfield code="b">Aḥmad ibn al-Ḥusayn Badīʿ al-Zamān al-</subfield>
  </datafield>
  <datafield tag="400" ind1=" " ind2="0">
    <subfield code="7">ba0yba0y</subfield>
    <subfield code="9">#</subfield>
    <subfield code="a">Badîʿ al-Zamâne al-Hamadhânî</subfield>
  </datafield>
  <datafield tag="801" ind1=" " ind2="3">
    <subfield code="a">FR</subfield>
    <subfield code="b">Abes</subfield>
    <subfield code="c">20150930</subfield>
    <subfield code="g">AFNOR</subfield>
  </datafield>
  <datafield tag="810" ind1=" " ind2=" ">
    <subfield code="a">Le Livre des vagabonds : séances d&apos;un beau parleur impénitent / Badîʿ al-Zamâne al-Hamadhânî ; texte établi sur les manuscrits originaux par René R. Khawam, 1997</subfield>
  </datafield>
  <datafield tag="810" ind1=" " ind2=" ">
    <subfield code="a">Encycl. Islam</subfield>
  </datafield>
  <datafield tag="810" ind1=" " ind2=" ">
    <subfield code="a">BN Service arabe. BN Cat. gén. 1514-1959 ; 1969-1969 ; 1970-1979, arabe</subfield>
  </datafield>
  <datafield tag="900" ind1=" " ind2=" ">
    <subfield code="6">00</subfield>
    <subfield code="7">ba</subfield>
    <subfield code="a">Badīʿ al-Zamān al-Hamaḏānī, Aḥmad ibn al-Ḥusayn (0969-1008)</subfield>
  </datafield>
  <datafield tag="900" ind1=" " ind2=" ">
    <subfield code="6">00</subfield>
    <subfield code="7">fa</subfield>
    <subfield code="a">بديع الزمان الهمذاني, أحمد ابن الحسين</subfield>
  </datafield>
  <datafield tag="901" ind1=" " ind2=" ">
    <subfield code="a">Hamaḏānī, Aḥmad ibn al-Ḥusayn Badīʿ al-Zamān al-</subfield>
  </datafield>
  <datafield tag="901" ind1=" " ind2=" ">
    <subfield code="a">Hamadhānī, Aḥmad ibn al-Ḥusayn Badīʿ al-Zamān al-</subfield>
  </datafield>
  <datafield tag="901" ind1=" " ind2=" ">
    <subfield code="a">Badîʿ al-Zamâne al-Hamadhânî</subfield>
  </datafield>
</record>