


<record>
  <leader>     cx  a22     3  45  </leader>
  <controlfield tag="001">030449189</controlfield>
  <controlfield tag="003">http://www.idref.fr/030449189</controlfield>
  <controlfield tag="004">19910214</controlfield>
  <controlfield tag="005">20170529144741.000</controlfield>
  <controlfield tag="006">0004</controlfield>
  <controlfield tag="007">141182101</controlfield>
  <controlfield tag="008">Tp5</controlfield>
  <datafield tag="010" ind1=" " ind2=" ">
    <subfield code="a">0000000121310559</subfield>
    <subfield code="2">BNF</subfield>
    <subfield code="d">20150918</subfield>
  </datafield>
  <datafield tag="033" ind1=" " ind2=" ">
    <subfield code="a">http://catalogue.bnf.fr/ark:/12148/cb12186116c</subfield>
    <subfield code="2">BNF</subfield>
    <subfield code="d">20150918</subfield>
  </datafield>
  <datafield tag="035" ind1=" " ind2=" ">
    <subfield code="a">030508231</subfield>
    <subfield code="9">sudoc</subfield>
  </datafield>
  <datafield tag="035" ind1=" " ind2=" ">
    <subfield code="a">frBN006307682</subfield>
  </datafield>
  <datafield tag="035" ind1=" " ind2=" ">
    <subfield code="a">frBN006607548</subfield>
  </datafield>
  <datafield tag="035" ind1=" " ind2=" ">
    <subfield code="a">FRBNF12186116X</subfield>
    <subfield code="z">FRBNF12186116</subfield>
  </datafield>
  <datafield tag="100" ind1=" " ind2=" ">
    <subfield code="a">19910214afrey50      ba0</subfield>
  </datafield>
  <datafield tag="101" ind1=" " ind2=" ">
    <subfield code="a">eng</subfield>
  </datafield>
  <datafield tag="102" ind1=" " ind2=" ">
    <subfield code="a">IE</subfield>
  </datafield>
  <datafield tag="103" ind1=" " ind2=" ">
    <subfield code="a"> 1945     </subfield>
  </datafield>
  <datafield tag="106" ind1=" " ind2=" ">
    <subfield code="a">0</subfield>
    <subfield code="b">1</subfield>
    <subfield code="c">0</subfield>
  </datafield>
  <datafield tag="120" ind1=" " ind2=" ">
    <subfield code="a">ba</subfield>
  </datafield>
  <datafield tag="152" ind1=" " ind2=" ">
    <subfield code="a">AFNOR</subfield>
  </datafield>
  <datafield tag="200" ind1=" " ind2="1">
    <subfield code="7">ba0yba0y</subfield>
    <subfield code="5">f|xxx</subfield>
    <subfield code="9">0</subfield>
    <subfield code="a">Banville</subfield>
    <subfield code="b">John</subfield>
    <subfield code="f">1945-....</subfield>
  </datafield>
  <datafield tag="340" ind1=" " ind2=" ">
    <subfield code="7">ba0yba0y</subfield>
    <subfield code="a">Romancier irlandais. Journaliste à l&apos; &quot;Irish Times&quot; (en 1992)</subfield>
  </datafield>
  <datafield tag="340" ind1=" " ind2=" ">
    <subfield code="7">ba0yba0y</subfield>
    <subfield code="a">John Banville (né le 8 décembre 1945 à Wexford, Irlande) est un journaliste, romancier et scénariste irlandais. Il a fait également une incursion dans le roman noir sous le pseudonyme de Benjamin Black</subfield>
  </datafield>
  <datafield tag="500" ind1=" " ind2="1">
    <subfield code="3">134383893</subfield>
    <subfield code="7">ba0yba0y</subfield>
    <subfield code="a">Black</subfield>
    <subfield code="b">Benjamin</subfield>
    <subfield code="f">1945-....</subfield>
  </datafield>
  <datafield tag="801" ind1=" " ind2="3">
    <subfield code="a">FR</subfield>
    <subfield code="b">Abes</subfield>
    <subfield code="c">20170529</subfield>
    <subfield code="g">AFNOR</subfield>
    <subfield code="h">030508231</subfield>
  </datafield>
  <datafield tag="810" ind1=" " ind2=" ">
    <subfield code="a">Kepler / J. Banville, 1992</subfield>
  </datafield>
  <datafield tag="810" ind1=" " ind2=" ">
    <subfield code="a">Les disparus de Dublin / Benjamin Black, DL 2009</subfield>
  </datafield>
  <datafield tag="810" ind1=" " ind2=" ">
    <subfield code="a">LCNA, 1986</subfield>
  </datafield>
  <datafield tag="810" ind1=" " ind2=" ">
    <subfield code="a">The infinities / John Banville, 2010</subfield>
  </datafield>
  <datafield tag="810" ind1=" " ind2=" ">
    <subfield code="a">Infinis / John Banville ; traduit de l&apos;anglais (Irlande) par Pierre-Emmanuel Dauzat, impr. 2011</subfield>
  </datafield>
  <datafield tag="810" ind1=" " ind2=" ">
    <subfield code="a">https://fr.wikipedia.org/wiki/John_Banville, 29-05-2017</subfield>
    <subfield code="b">John Banville (né le 8 décembre 1945 à Wexford, Irlande) est un journaliste, romancier et scénariste irlandais. Il a fait également une incursion dans le roman noir sous le pseudonyme de Benjamin Black</subfield>
  </datafield>
  <datafield tag="900" ind1=" " ind2=" ">
    <subfield code="a">Banville, John (1945-....)</subfield>
  </datafield>
</record>