


<record>
  <leader>     cx  a22     3  45  </leader>
  <controlfield tag="001">030666953</controlfield>
  <controlfield tag="003">http://www.idref.fr/030666953</controlfield>
  <controlfield tag="004">19910610</controlfield>
  <controlfield tag="005">20091002030232.000</controlfield>
  <controlfield tag="006">0004</controlfield>
  <controlfield tag="007">1999</controlfield>
  <controlfield tag="008">Tp5</controlfield>
  <datafield tag="035" ind1=" " ind2=" ">
    <subfield code="a">frBN00709835X</subfield>
  </datafield>
  <datafield tag="035" ind1=" " ind2=" ">
    <subfield code="a">FRBNF122038054</subfield>
    <subfield code="z">FRBNF12203805</subfield>
  </datafield>
  <datafield tag="100" ind1=" " ind2=" ">
    <subfield code="a">19910610afrey50      ba0</subfield>
  </datafield>
  <datafield tag="101" ind1=" " ind2=" ">
    <subfield code="a">fre</subfield>
  </datafield>
  <datafield tag="102" ind1=" " ind2=" ">
    <subfield code="a">FR</subfield>
  </datafield>
  <datafield tag="106" ind1=" " ind2=" ">
    <subfield code="a">0</subfield>
    <subfield code="b">#</subfield>
  </datafield>
  <datafield tag="152" ind1=" " ind2=" ">
    <subfield code="a">AFNOR</subfield>
  </datafield>
  <datafield tag="200" ind1=" " ind2="1">
    <subfield code="7">ba0yba0y</subfield>
    <subfield code="5">l|xxx</subfield>
    <subfield code="9">0</subfield>
    <subfield code="a">Lom</subfield>
    <subfield code="b">Lucie</subfield>
  </datafield>
  <datafield tag="300" ind1="0" ind2=" ">
    <subfield code="7">ba0yba0y</subfield>
    <subfield code="a">Pseudonyme collectif de Philippe Leduc, graphiste, né le 15 juin 1960, Marc-Antoine Mathieu et Henri Mouzet</subfield>
  </datafield>
  <datafield tag="400" ind1=" " ind2="1">
    <subfield code="7">ba0yba0y</subfield>
    <subfield code="9">#</subfield>
    <subfield code="a">Leduc</subfield>
    <subfield code="b">Philippe</subfield>
    <subfield code="f">1960-....</subfield>
  </datafield>
  <datafield tag="400" ind1=" " ind2="1">
    <subfield code="7">ba0yba0y</subfield>
    <subfield code="9">#</subfield>
    <subfield code="a">Mouzet</subfield>
    <subfield code="b">Henri</subfield>
  </datafield>
  <datafield tag="500" ind1=" " ind2=" ">
    <subfield code="3">027016854</subfield>
    <subfield code="7">ba0yba0y</subfield>
    <subfield code="a">Mathieu</subfield>
    <subfield code="b">Marc-Antoine</subfield>
    <subfield code="f">1959-....</subfield>
  </datafield>
  <datafield tag="801" ind1=" " ind2="3">
    <subfield code="a">FR</subfield>
    <subfield code="b">Abes</subfield>
    <subfield code="c">20091002</subfield>
    <subfield code="g">AFNOR</subfield>
  </datafield>
  <datafield tag="810" ind1=" " ind2=" ">
    <subfield code="a">God save the comics : scénographie d&apos;une exposition :  Angoulême, 1990</subfield>
  </datafield>
  <datafield tag="900" ind1=" " ind2=" ">
    <subfield code="a">Lom, Lucie</subfield>
  </datafield>
  <datafield tag="901" ind1=" " ind2=" ">
    <subfield code="a">Leduc, Philippe (1960-....)</subfield>
  </datafield>
  <datafield tag="901" ind1=" " ind2=" ">
    <subfield code="a">Mouzet, Henri</subfield>
  </datafield>
</record>