


<record>
  <leader>     cx  a22     3  45  </leader>
  <controlfield tag="001">030767660</controlfield>
  <controlfield tag="003">http://www.idref.fr/030767660</controlfield>
  <controlfield tag="004">19910725</controlfield>
  <controlfield tag="005">20150930054330.000</controlfield>
  <controlfield tag="006">0004</controlfield>
  <controlfield tag="007">4994</controlfield>
  <controlfield tag="008">Tp5</controlfield>
  <datafield tag="033" ind1=" " ind2=" ">
    <subfield code="a">http://catalogue.bnf.fr/ark:/12148/cb12211756s</subfield>
    <subfield code="2">BNF</subfield>
    <subfield code="d">20150918</subfield>
  </datafield>
  <datafield tag="035" ind1=" " ind2=" ">
    <subfield code="a">frBN007481579</subfield>
  </datafield>
  <datafield tag="035" ind1=" " ind2=" ">
    <subfield code="a">FRBNF122117562</subfield>
    <subfield code="z">FRBNF12211756</subfield>
  </datafield>
  <datafield tag="100" ind1=" " ind2=" ">
    <subfield code="a">19910725afrey50      ba0</subfield>
  </datafield>
  <datafield tag="101" ind1=" " ind2=" ">
    <subfield code="a">fre</subfield>
  </datafield>
  <datafield tag="102" ind1=" " ind2=" ">
    <subfield code="a">FR</subfield>
  </datafield>
  <datafield tag="106" ind1=" " ind2=" ">
    <subfield code="a">0</subfield>
    <subfield code="b">#</subfield>
  </datafield>
  <datafield tag="152" ind1=" " ind2=" ">
    <subfield code="a">AFNOR</subfield>
  </datafield>
  <datafield tag="200" ind1=" " ind2="0">
    <subfield code="7">ba0yba0y</subfield>
    <subfield code="5">l|xxx</subfield>
    <subfield code="9">0</subfield>
    <subfield code="a">François-Georges</subfield>
    <subfield code="c">pseud. collectif</subfield>
  </datafield>
  <datafield tag="300" ind1="0" ind2=" ">
    <subfield code="7">ba0yba0y</subfield>
    <subfield code="a">Auteur de bandes dessinées</subfield>
  </datafield>
  <datafield tag="400" ind1=" " ind2="1">
    <subfield code="5">l|xxx</subfield>
    <subfield code="7">ba0yba0y</subfield>
    <subfield code="9">#</subfield>
    <subfield code="a">Georges</subfield>
    <subfield code="b">François-</subfield>
    <subfield code="c">pseud. collectif</subfield>
  </datafield>
  <datafield tag="500" ind1=" " ind2=" ">
    <subfield code="3">02680445X</subfield>
    <subfield code="7">ba0yba0y</subfield>
    <subfield code="a">Craenhals</subfield>
    <subfield code="b">François</subfield>
    <subfield code="f">1926-2004</subfield>
  </datafield>
  <datafield tag="500" ind1=" " ind2=" ">
    <subfield code="3">026782723</subfield>
    <subfield code="7">ba0yba0y</subfield>
    <subfield code="a">Chaulet</subfield>
    <subfield code="b">Georges</subfield>
    <subfield code="f">1931-2012</subfield>
  </datafield>
  <datafield tag="801" ind1=" " ind2="3">
    <subfield code="a">FR</subfield>
    <subfield code="b">Abes</subfield>
    <subfield code="c">20150930</subfield>
    <subfield code="g">AFNOR</subfield>
  </datafield>
  <datafield tag="810" ind1=" " ind2=" ">
    <subfield code="a">Les 4 As / François-Georges, 1964-1970</subfield>
  </datafield>
  <datafield tag="900" ind1=" " ind2=" ">
    <subfield code="a">François-Georges (pseud. collectif)</subfield>
  </datafield>
  <datafield tag="901" ind1=" " ind2=" ">
    <subfield code="a">Georges, François- (pseud. collectif)</subfield>
  </datafield>
</record>