


<record>
  <leader>     cx  a22     3  45  </leader>
  <controlfield tag="001">031494544</controlfield>
  <controlfield tag="003">http://www.idref.fr/031494544</controlfield>
  <controlfield tag="004">19921105</controlfield>
  <controlfield tag="005">20180521153859.000</controlfield>
  <controlfield tag="006">0004</controlfield>
  <controlfield tag="007">992062301</controlfield>
  <controlfield tag="008">Tp5</controlfield>
  <datafield tag="010" ind1=" " ind2=" ">
    <subfield code="a">0000000108688311</subfield>
    <subfield code="2">BNF</subfield>
    <subfield code="d">20150918</subfield>
  </datafield>
  <datafield tag="033" ind1=" " ind2=" ">
    <subfield code="a">http://catalogue.bnf.fr/ark:/12148/cb122698817</subfield>
    <subfield code="2">BNF</subfield>
    <subfield code="d">20150918</subfield>
  </datafield>
  <datafield tag="035" ind1=" " ind2=" ">
    <subfield code="a">FRBNF136230431</subfield>
    <subfield code="z">FRBNF13623043</subfield>
  </datafield>
  <datafield tag="035" ind1=" " ind2=" ">
    <subfield code="a">frBN008438730</subfield>
  </datafield>
  <datafield tag="035" ind1=" " ind2=" ">
    <subfield code="a">frBN015568215</subfield>
  </datafield>
  <datafield tag="035" ind1=" " ind2=" ">
    <subfield code="a">FRBNF122698815</subfield>
    <subfield code="z">FRBNF12269881</subfield>
  </datafield>
  <datafield tag="100" ind1=" " ind2=" ">
    <subfield code="a">19921105afrey50      ba0</subfield>
  </datafield>
  <datafield tag="101" ind1=" " ind2=" ">
    <subfield code="a">ara</subfield>
  </datafield>
  <datafield tag="102" ind1=" " ind2=" ">
    <subfield code="a">IQ</subfield>
  </datafield>
  <datafield tag="103" ind1=" " ind2=" ">
    <subfield code="a"> 1054     </subfield>
    <subfield code="b"> 11220911 </subfield>
  </datafield>
  <datafield tag="106" ind1=" " ind2=" ">
    <subfield code="a">0</subfield>
    <subfield code="b">1</subfield>
    <subfield code="c">0</subfield>
  </datafield>
  <datafield tag="120" ind1=" " ind2=" ">
    <subfield code="a">ba</subfield>
  </datafield>
  <datafield tag="152" ind1=" " ind2=" ">
    <subfield code="a">AFNOR</subfield>
  </datafield>
  <datafield tag="200" ind1=" " ind2="1">
    <subfield code="6">a00</subfield>
    <subfield code="7">ba0yfa1y</subfield>
    <subfield code="9">0</subfield>
    <subfield code="a">الحريري</subfield>
    <subfield code="b">القاسم بن علي البصري أبو محمد</subfield>
  </datafield>
  <datafield tag="200" ind1=" " ind2="1">
    <subfield code="6">a00</subfield>
    <subfield code="7">ba0yba0a</subfield>
    <subfield code="9">0</subfield>
    <subfield code="a">Ḥarīrī al-Baṣrī</subfield>
    <subfield code="b">al-Qāsim ibn ʿAlī al-</subfield>
    <subfield code="f">1054-1122</subfield>
  </datafield>
  <datafield tag="300" ind1="0" ind2=" ">
    <subfield code="7">ba0yba0y</subfield>
    <subfield code="a">Fait l&apos;objet de traduction en français</subfield>
  </datafield>
  <datafield tag="300" ind1="0" ind2=" ">
    <subfield code="7">ba0yba0y</subfield>
    <subfield code="a">Poète, philologue. - Chef du service des renseignements (Ṣāḥib al-kh̲abar) à Bassorah, Irak. Né et mort à Bassorah (Irak)</subfield>
  </datafield>
  <datafield tag="400" ind1=" " ind2="1">
    <subfield code="7">ba0yba0y</subfield>
    <subfield code="9">#</subfield>
    <subfield code="a">Ḥarīrī</subfield>
    <subfield code="b">al-Qāsim ibn &apos;Alī al-Baṣrī Abū Muḥammad al-</subfield>
  </datafield>
  <datafield tag="400" ind1=" " ind2="1">
    <subfield code="7">ba0yba0y</subfield>
    <subfield code="9">#</subfield>
    <subfield code="a">Harîrî</subfield>
    <subfield code="b">Al-Qâsim al-</subfield>
  </datafield>
  <datafield tag="400" ind1=" " ind2="0">
    <subfield code="7">ba0yba0y</subfield>
    <subfield code="9">#</subfield>
    <subfield code="a">Qâsim Al-Harîrî Al-</subfield>
  </datafield>
  <datafield tag="400" ind1=" " ind2="0">
    <subfield code="7">ba0yba0y</subfield>
    <subfield code="9">#</subfield>
    <subfield code="a">Al-Qāsim al-HarîrÎ</subfield>
  </datafield>
  <datafield tag="400" ind1=" " ind2="1">
    <subfield code="7">ba0yba0y</subfield>
    <subfield code="9">#</subfield>
    <subfield code="a">Ḥarīrī al-Baṣrī</subfield>
    <subfield code="b">al-Qāsim ibn &apos;Alī</subfield>
  </datafield>
  <datafield tag="400" ind1=" " ind2="1">
    <subfield code="7">ba0yba0y</subfield>
    <subfield code="9">#</subfield>
    <subfield code="a">Ḥarīrī al-Baṣrī</subfield>
    <subfield code="b">Abou Moḥammed al-Qāsim ibn &apos;Alī al-</subfield>
  </datafield>
  <datafield tag="400" ind1=" " ind2="0">
    <subfield code="7">ba0yba0y</subfield>
    <subfield code="9">#</subfield>
    <subfield code="a">Abou Mohammed Elcassem Elhariri de Basra</subfield>
  </datafield>
  <datafield tag="400" ind1=" " ind2="1">
    <subfield code="7">ba0yba0y</subfield>
    <subfield code="9">#</subfield>
    <subfield code="a">Haririus</subfield>
    <subfield code="b">Abu Mohammedis</subfield>
  </datafield>
  <datafield tag="400" ind1=" " ind2="0">
    <subfield code="7">ba0yba0y</subfield>
    <subfield code="9">#</subfield>
    <subfield code="a">Alcassim Hariri</subfield>
  </datafield>
  <datafield tag="400" ind1=" " ind2="0">
    <subfield code="7">ba0yba0y</subfield>
    <subfield code="9">#</subfield>
    <subfield code="a">Kassem ben Ali Hariri</subfield>
  </datafield>
  <datafield tag="400" ind1=" " ind2="0">
    <subfield code="7">ba0yba0y</subfield>
    <subfield code="9">#</subfield>
    <subfield code="a">Elcassem Elhariri</subfield>
  </datafield>
  <datafield tag="400" ind1=" " ind2="0">
    <subfield code="7">ba0yba0y</subfield>
    <subfield code="9">#</subfield>
    <subfield code="a">Ibn al-Ḥarīrī</subfield>
  </datafield>
  <datafield tag="801" ind1=" " ind2="3">
    <subfield code="a">FR</subfield>
    <subfield code="b">Abes</subfield>
    <subfield code="c">20180521</subfield>
    <subfield code="g">AFNOR</subfield>
  </datafield>
  <datafield tag="810" ind1=" " ind2=" ">
    <subfield code="a">Le Livre des malins : séances d&apos;un vagabond de génie / Al-Qâsim al-Harîrî ; traduction intégrale établie d&apos;après les manuscrits originaux par René R. Khawam, 1992</subfield>
  </datafield>
  <datafield tag="900" ind1=" " ind2=" ">
    <subfield code="6">00</subfield>
    <subfield code="7">ba</subfield>
    <subfield code="a">Ḥarīrī al-Baṣrī, al-Qāsim ibn ʿAlī al- (1054-1122)</subfield>
  </datafield>
  <datafield tag="900" ind1=" " ind2=" ">
    <subfield code="6">00</subfield>
    <subfield code="7">fa</subfield>
    <subfield code="a">الحريري, القاسم بن علي البصري أبو محمد</subfield>
  </datafield>
  <datafield tag="901" ind1=" " ind2=" ">
    <subfield code="a">Ḥarīrī, al-Qāsim ibn &apos;Alī al-Baṣrī Abū Muḥammad al-</subfield>
  </datafield>
  <datafield tag="901" ind1=" " ind2=" ">
    <subfield code="a">Harîrî, Al-Qâsim al-</subfield>
  </datafield>
  <datafield tag="901" ind1=" " ind2=" ">
    <subfield code="a">Qâsim Al-Harîrî Al-</subfield>
  </datafield>
  <datafield tag="901" ind1=" " ind2=" ">
    <subfield code="a">Al-Qāsim al-HarîrÎ</subfield>
  </datafield>
  <datafield tag="901" ind1=" " ind2=" ">
    <subfield code="a">Ḥarīrī al-Baṣrī, al-Qāsim ibn &apos;Alī</subfield>
  </datafield>
  <datafield tag="901" ind1=" " ind2=" ">
    <subfield code="a">Ḥarīrī al-Baṣrī, Abou Moḥammed al-Qāsim ibn &apos;Alī al-</subfield>
  </datafield>
  <datafield tag="901" ind1=" " ind2=" ">
    <subfield code="a">Abou Mohammed Elcassem Elhariri de Basra</subfield>
  </datafield>
  <datafield tag="901" ind1=" " ind2=" ">
    <subfield code="a">Haririus, Abu Mohammedis</subfield>
  </datafield>
  <datafield tag="901" ind1=" " ind2=" ">
    <subfield code="a">Alcassim Hariri</subfield>
  </datafield>
  <datafield tag="901" ind1=" " ind2=" ">
    <subfield code="a">Kassem ben Ali Hariri</subfield>
  </datafield>
  <datafield tag="901" ind1=" " ind2=" ">
    <subfield code="a">Elcassem Elhariri</subfield>
  </datafield>
  <datafield tag="901" ind1=" " ind2=" ">
    <subfield code="a">Ibn al-Ḥarīrī</subfield>
  </datafield>
</record>