


<record>
  <leader>     cx  a22     3  45  </leader>
  <controlfield tag="001">031708579</controlfield>
  <controlfield tag="003">http://www.idref.fr/031708579</controlfield>
  <controlfield tag="004">19930111</controlfield>
  <controlfield tag="005">20190129112256.000</controlfield>
  <controlfield tag="006">0004</controlfield>
  <controlfield tag="007">141182102</controlfield>
  <controlfield tag="008">Tp5</controlfield>
  <datafield tag="010" ind1=" " ind2=" ">
    <subfield code="a">0000000081788151</subfield>
    <subfield code="2">BNF</subfield>
    <subfield code="d">20150918</subfield>
  </datafield>
  <datafield tag="033" ind1=" " ind2=" ">
    <subfield code="a">http://catalogue.bnf.fr/ark:/12148/cb122873270</subfield>
    <subfield code="2">BNF</subfield>
    <subfield code="d">20150918</subfield>
  </datafield>
  <datafield tag="035" ind1=" " ind2=" ">
    <subfield code="a">frBN008650110</subfield>
  </datafield>
  <datafield tag="035" ind1=" " ind2=" ">
    <subfield code="a">FRBNF122873271</subfield>
    <subfield code="z">FRBNF12287327</subfield>
  </datafield>
  <datafield tag="100" ind1=" " ind2=" ">
    <subfield code="a">19930111afrey50      ba0</subfield>
  </datafield>
  <datafield tag="101" ind1=" " ind2=" ">
    <subfield code="a">fre</subfield>
  </datafield>
  <datafield tag="102" ind1=" " ind2=" ">
    <subfield code="a">FR</subfield>
  </datafield>
  <datafield tag="103" ind1=" " ind2=" ">
    <subfield code="a"> 18831129 </subfield>
    <subfield code="b"> 19711106 </subfield>
  </datafield>
  <datafield tag="106" ind1=" " ind2=" ">
    <subfield code="a">0</subfield>
    <subfield code="b">1</subfield>
    <subfield code="c">0</subfield>
  </datafield>
  <datafield tag="120" ind1=" " ind2=" ">
    <subfield code="a">ba</subfield>
  </datafield>
  <datafield tag="152" ind1=" " ind2=" ">
    <subfield code="a">AFNOR</subfield>
  </datafield>
  <datafield tag="200" ind1=" " ind2="1">
    <subfield code="7">ba0yba0y</subfield>
    <subfield code="9">0</subfield>
    <subfield code="a">Fauré-Fremiet</subfield>
    <subfield code="b">Emmanuel</subfield>
    <subfield code="f">1883-1971</subfield>
  </datafield>
  <datafield tag="340" ind1=" " ind2=" ">
    <subfield code="7">ba0yba0y</subfield>
    <subfield code="a">Biologiste. - Professeur d&apos;embryogénie comparée au Collège de France (1928-1954). - Directeur du Laboratoire de cytologie à l&apos;École pratique des hautes études (1928-1955). - Membre de l&apos;Institut, Académie des sciences (élu en 1959). - Fils ainé du compositeur : Fauré, Gabriel (1845-1924)</subfield>
  </datafield>
  <datafield tag="400" ind1=" " ind2="1">
    <subfield code="7">ba0yba0y</subfield>
    <subfield code="9">#</subfield>
    <subfield code="a">Fremiet</subfield>
    <subfield code="b">Emmanuel Fauré-</subfield>
  </datafield>
  <datafield tag="400" ind1=" " ind2="1">
    <subfield code="7">ba0yba0y</subfield>
    <subfield code="9">#</subfield>
    <subfield code="a">Fauré-Frémiet</subfield>
    <subfield code="b">Emmanuel</subfield>
  </datafield>
  <datafield tag="400" ind1=" " ind2="1">
    <subfield code="7">ba0yba0y</subfield>
    <subfield code="9">#</subfield>
    <subfield code="a">Fauré</subfield>
    <subfield code="b">Emmanuel</subfield>
  </datafield>
  <datafield tag="400" ind1=" " ind2="1">
    <subfield code="7">ba0yba0y</subfield>
    <subfield code="9">#</subfield>
    <subfield code="a">Fauré-Fremiet</subfield>
    <subfield code="b">E.</subfield>
  </datafield>
  <datafield tag="500" ind1=" " ind2="1">
    <subfield code="0">Fils de</subfield>
    <subfield code="3">026859297</subfield>
    <subfield code="7">ba0yba0y</subfield>
    <subfield code="a">Fauré</subfield>
    <subfield code="b">Gabriel</subfield>
    <subfield code="f">1845-1924</subfield>
  </datafield>
  <datafield tag="801" ind1=" " ind2="3">
    <subfield code="a">FR</subfield>
    <subfield code="b">Abes</subfield>
    <subfield code="c">20190129</subfield>
    <subfield code="g">AFNOR</subfield>
  </datafield>
  <datafield tag="810" ind1=" " ind2=" ">
    <subfield code="a">Titres et travaux scientifiques de M. E. Fauré-Fremiet, professeur au Collège de France, 1948</subfield>
  </datafield>
  <datafield tag="810" ind1=" " ind2=" ">
    <subfield code="a">Les professeurs du Collège de France : dictionnaire biographique 1901-1939 / Christophe Charle, Eva Telkès, 1988</subfield>
  </datafield>
  <datafield tag="810" ind1=" " ind2=" ">
    <subfield code="a">Les grosses molécules en solution / Collège de France, 15 novembre 1948 ; [présidées par M. E. Fauré-Frémiet,... M. The Svedberg,...]</subfield>
    <subfield code="b">Nom Fauré-Frémiet</subfield>
  </datafield>
  <datafield tag="810" ind1=" " ind2=" ">
    <subfield code="a">Internet, http://catalogue.bnf.fr/ark:/12148/cb122873270 , 2010-12-14</subfield>
    <subfield code="b">Dates Naissance 29 novembre 1883, Mort 06 novembre 1971, prénom Emmanuel, fonctions exercées et filiation avec Gabriel Fauré</subfield>
  </datafield>
  <datafield tag="810" ind1=" " ind2=" ">
    <subfield code="a">Internet, http://viaf.org/processed/BNF|12287327 , 2010-12-14</subfield>
    <subfield code="b">Liste de publications</subfield>
  </datafield>
  <datafield tag="900" ind1=" " ind2=" ">
    <subfield code="a">Fauré-Fremiet, Emmanuel (1883-1971)</subfield>
  </datafield>
  <datafield tag="901" ind1=" " ind2=" ">
    <subfield code="a">Fremiet, Emmanuel Fauré-</subfield>
  </datafield>
  <datafield tag="901" ind1=" " ind2=" ">
    <subfield code="a">Fauré-Frémiet, Emmanuel</subfield>
  </datafield>
  <datafield tag="901" ind1=" " ind2=" ">
    <subfield code="a">Fauré, Emmanuel</subfield>
  </datafield>
  <datafield tag="901" ind1=" " ind2=" ">
    <subfield code="a">Fauré-Fremiet, E.</subfield>
  </datafield>
</record>