


<record>
  <leader>     cx  a22     3  45  </leader>
  <controlfield tag="001">032208243</controlfield>
  <controlfield tag="003">http://www.idref.fr/032208243</controlfield>
  <controlfield tag="004">19930809</controlfield>
  <controlfield tag="005">20171116160352.000</controlfield>
  <controlfield tag="006">0004</controlfield>
  <controlfield tag="007">341720001</controlfield>
  <controlfield tag="008">Tp5</controlfield>
  <datafield tag="010" ind1=" " ind2=" ">
    <subfield code="a">0000000118846571</subfield>
    <subfield code="2">BNF</subfield>
    <subfield code="d">20150918</subfield>
  </datafield>
  <datafield tag="033" ind1=" " ind2=" ">
    <subfield code="a">http://catalogue.bnf.fr/ark:/12148/cb123283720</subfield>
    <subfield code="2">BNF</subfield>
    <subfield code="d">20150918</subfield>
  </datafield>
  <datafield tag="035" ind1=" " ind2=" ">
    <subfield code="a">frBN009171860</subfield>
  </datafield>
  <datafield tag="035" ind1=" " ind2=" ">
    <subfield code="a">frBN015221944</subfield>
  </datafield>
  <datafield tag="035" ind1=" " ind2=" ">
    <subfield code="a">FRBNF135764279</subfield>
    <subfield code="z">FRBNF13576427</subfield>
  </datafield>
  <datafield tag="035" ind1=" " ind2=" ">
    <subfield code="a">FRBNF123283722</subfield>
    <subfield code="z">FRBNF12328372</subfield>
  </datafield>
  <datafield tag="100" ind1=" " ind2=" ">
    <subfield code="a">19930809afreb50      ba0</subfield>
  </datafield>
  <datafield tag="101" ind1=" " ind2=" ">
    <subfield code="a">pli</subfield>
  </datafield>
  <datafield tag="102" ind1=" " ind2=" ">
    <subfield code="a">IN</subfield>
  </datafield>
  <datafield tag="103" ind1=" " ind2=" ">
    <subfield code="a"> 04XX     </subfield>
    <subfield code="b"> 04XX     </subfield>
  </datafield>
  <datafield tag="106" ind1=" " ind2=" ">
    <subfield code="a">0</subfield>
    <subfield code="b">1</subfield>
    <subfield code="c">0</subfield>
  </datafield>
  <datafield tag="120" ind1=" " ind2=" ">
    <subfield code="a">ba</subfield>
  </datafield>
  <datafield tag="152" ind1=" " ind2=" ">
    <subfield code="a">AFNOR</subfield>
  </datafield>
  <datafield tag="200" ind1=" " ind2="0">
    <subfield code="7">ba0yba0b</subfield>
    <subfield code="9">0</subfield>
    <subfield code="a">Buddhaghoṣa</subfield>
    <subfield code="f">04..?-04..?</subfield>
  </datafield>
  <datafield tag="300" ind1="0" ind2=" ">
    <subfield code="7">ba0yba0y</subfield>
    <subfield code="a">Commentateur du &quot;Tipiṭaka&quot; [Canon bouddhique]. Brahmane converti au bouddhisme. Né au Magadha. A vécu au Mahāvihāra d&apos;Anuradhapura, Sri Lanka. Auteur de la &quot;Samantapāsādikā&quot; et du &quot;Visuddhimagga. Auteur d&apos;un commentaire sur les &quot;Jāṭaka</subfield>
  </datafield>
  <datafield tag="300" ind1="0" ind2=" ">
    <subfield code="7">ba0yba0y</subfield>
    <subfield code="a">On lui attribue parfois : [Dhammapadaṭṭhakathā]. Pour cette oeuvre, consulter le Fichier d&apos;autorité des titres uniformes</subfield>
  </datafield>
  <datafield tag="400" ind1=" " ind2="0">
    <subfield code="7">ba0yba0y</subfield>
    <subfield code="9">#</subfield>
    <subfield code="a">Buddhaghosha</subfield>
  </datafield>
  <datafield tag="400" ind1=" " ind2="0">
    <subfield code="7">ba0yba0y</subfield>
    <subfield code="9">#</subfield>
    <subfield code="a">Buddha Ghoṣa</subfield>
  </datafield>
  <datafield tag="400" ind1=" " ind2="0">
    <subfield code="6">a01</subfield>
    <subfield code="7">ba0yia0y</subfield>
    <subfield code="a">พุทธโฆสเถระ</subfield>
    <subfield code="c">พระมหา</subfield>
  </datafield>
  <datafield tag="400" ind1=" " ind2="0">
    <subfield code="6">a01</subfield>
    <subfield code="7">ba0yba0y</subfield>
    <subfield code="a">Phutthakhōsa Thēra</subfield>
    <subfield code="c">Phra Mahā</subfield>
  </datafield>
  <datafield tag="400" ind1=" " ind2="0">
    <subfield code="6">a02</subfield>
    <subfield code="7">ba0yia0y</subfield>
    <subfield code="a">พระพุทธโฆสะ</subfield>
  </datafield>
  <datafield tag="400" ind1=" " ind2="0">
    <subfield code="6">a02</subfield>
    <subfield code="7">ba0yba0y</subfield>
    <subfield code="a">Phra Phutthakhōsa</subfield>
  </datafield>
  <datafield tag="400" ind1=" " ind2="0">
    <subfield code="6">a03</subfield>
    <subfield code="7">ba0yia0y</subfield>
    <subfield code="a">พระพุทธโฆสาจารย์</subfield>
  </datafield>
  <datafield tag="400" ind1=" " ind2="0">
    <subfield code="6">a03</subfield>
    <subfield code="7">ba0yba0y</subfield>
    <subfield code="a">Phra Phutthakhōsāčhān</subfield>
  </datafield>
  <datafield tag="801" ind1=" " ind2="3">
    <subfield code="a">FR</subfield>
    <subfield code="b">Abes</subfield>
    <subfield code="c">20171116</subfield>
    <subfield code="g">AFNOR</subfield>
  </datafield>
  <datafield tag="810" ind1=" " ind2=" ">
    <subfield code="a">The inception of discipline and the Vinaya nidāna : being a translation and edition of the Bāhiranidāna / of Buddhaghosa&apos;s Samamtapāsādikā, the vinaya commentary, 1986</subfield>
  </datafield>
  <datafield tag="810" ind1=" " ind2=" ">
    <subfield code="a">Cat. of Sanskrit, Pali and Prakrit books / National Library, 1951. The natl. bibliogr. of Indian literature / gen. ed. B.S. Kesavan, 1970, vol. III, p. 464. L&apos;Inde classique / par L. Renou et J. Filliozat, 1947-1953, vol. II, p. 355 à 357. LCNA, 1985. Dict. de la civilisation indienne / Louis Frédéric, 1987</subfield>
  </datafield>
  <datafield tag="810" ind1=" " ind2=" ">
    <subfield code="a">BN Service indien. BN Cat. gén.. BN Cat. gén. suppl.</subfield>
  </datafield>
  <datafield tag="810" ind1=" " ind2=" ">
    <subfield code="6">a04</subfield>
    <subfield code="7">ba0yia0y</subfield>
    <subfield code="a">วิสุทธิ ญาณ นิเทส: ตำราคู่มือวิปัสสนากัมมัฏฐาน บรรยายวิสุทธิ ๗ และญาณ ๑๖ พร้อมอานิสงส์ ตามหลักวิชาการและทางปฏิบัติโดยพิสดาร / พระมหาพุทธโฆสเถระ รจนา / ธนิต อยู่โพธิ์ แปลและเรียบเรียง จาก พระบาลีคัภีร์วิสุทธิมัคค ปริจเฉทที่ ๑๘-๒๓, 1982</subfield>
  </datafield>
  <datafield tag="810" ind1=" " ind2=" ">
    <subfield code="6">a04</subfield>
    <subfield code="7">ba0yba0a</subfield>
    <subfield code="a">Wisut yān nithēt: tamrā khūmư̄ wipatsanā kammatthān banyāi wisut 7 læ yān 16 phrǭm ʿānisog tām lak wichākān læ thāng patibat dōi phitsadān / Phra Mahā Phutthakhōsa Thēra, rotčhanā / Thanit Yūphō, plǣ læ rīaprīang čhāk phra bālī khamphī wisutthimak, parit chet thī 18-23, 1982</subfield>
  </datafield>
  <datafield tag="900" ind1=" " ind2=" ">
    <subfield code="a">Buddhaghoṣa (04..?-04..?)</subfield>
  </datafield>
  <datafield tag="901" ind1=" " ind2=" ">
    <subfield code="a">Buddhaghosha</subfield>
  </datafield>
  <datafield tag="901" ind1=" " ind2=" ">
    <subfield code="a">Buddha Ghoṣa</subfield>
  </datafield>
  <datafield tag="901" ind1=" " ind2=" ">
    <subfield code="6">01</subfield>
    <subfield code="7">ia</subfield>
    <subfield code="a">พุทธโฆสเถระ (พระมหา)</subfield>
  </datafield>
  <datafield tag="901" ind1=" " ind2=" ">
    <subfield code="6">01</subfield>
    <subfield code="7">ba</subfield>
    <subfield code="a">Phutthakhōsa Thēra (Phra Mahā)</subfield>
  </datafield>
  <datafield tag="901" ind1=" " ind2=" ">
    <subfield code="6">02</subfield>
    <subfield code="7">ia</subfield>
    <subfield code="a">พระพุทธโฆสะ</subfield>
  </datafield>
  <datafield tag="901" ind1=" " ind2=" ">
    <subfield code="6">02</subfield>
    <subfield code="7">ba</subfield>
    <subfield code="a">Phra Phutthakhōsa</subfield>
  </datafield>
  <datafield tag="901" ind1=" " ind2=" ">
    <subfield code="6">03</subfield>
    <subfield code="7">ia</subfield>
    <subfield code="a">พระพุทธโฆสาจารย์</subfield>
  </datafield>
  <datafield tag="901" ind1=" " ind2=" ">
    <subfield code="6">03</subfield>
    <subfield code="7">ba</subfield>
    <subfield code="a">Phra Phutthakhōsāčhān</subfield>
  </datafield>
</record>