


<record>
  <leader>     cx  a22     3  45  </leader>
  <controlfield tag="001">033830622</controlfield>
  <controlfield tag="003">http://www.idref.fr/033830622</controlfield>
  <controlfield tag="004">19950510</controlfield>
  <controlfield tag="005">20160420152712.000</controlfield>
  <controlfield tag="006">0004</controlfield>
  <controlfield tag="007">751052342</controlfield>
  <controlfield tag="008">Tp5</controlfield>
  <datafield tag="010" ind1=" " ind2=" ">
    <subfield code="a">0000000110362142</subfield>
    <subfield code="2">BNF</subfield>
    <subfield code="d">20150918</subfield>
  </datafield>
  <datafield tag="033" ind1=" " ind2=" ">
    <subfield code="a">http://catalogue.bnf.fr/ark:/12148/cb124648445</subfield>
    <subfield code="2">BNF</subfield>
    <subfield code="d">20150918</subfield>
  </datafield>
  <datafield tag="035" ind1=" " ind2=" ">
    <subfield code="a">07332342X</subfield>
    <subfield code="9">sudoc</subfield>
  </datafield>
  <datafield tag="035" ind1=" " ind2=" ">
    <subfield code="a">frBN011445539</subfield>
  </datafield>
  <datafield tag="035" ind1=" " ind2=" ">
    <subfield code="a">FRBNF124648444</subfield>
    <subfield code="z">FRBNF12464844</subfield>
  </datafield>
  <datafield tag="100" ind1=" " ind2=" ">
    <subfield code="a">19950510afrey50      ba0</subfield>
  </datafield>
  <datafield tag="101" ind1=" " ind2=" ">
    <subfield code="a">fre</subfield>
  </datafield>
  <datafield tag="102" ind1=" " ind2=" ">
    <subfield code="a">FR</subfield>
  </datafield>
  <datafield tag="103" ind1=" " ind2=" ">
    <subfield code="a"> 17660122 </subfield>
    <subfield code="b"> 18340916 </subfield>
  </datafield>
  <datafield tag="106" ind1=" " ind2=" ">
    <subfield code="a">0</subfield>
    <subfield code="b">1</subfield>
    <subfield code="c">0</subfield>
  </datafield>
  <datafield tag="120" ind1=" " ind2=" ">
    <subfield code="a">ba</subfield>
  </datafield>
  <datafield tag="152" ind1=" " ind2=" ">
    <subfield code="a">AFNOR</subfield>
  </datafield>
  <datafield tag="200" ind1=" " ind2="1">
    <subfield code="7">ba0yba0y</subfield>
    <subfield code="9">0</subfield>
    <subfield code="a">Arnault</subfield>
    <subfield code="b">Antoine Vincent</subfield>
    <subfield code="f">1766-1834</subfield>
  </datafield>
  <datafield tag="340" ind1=" " ind2=" ">
    <subfield code="7">ba0yba0y</subfield>
    <subfield code="a">Poète et auteur dramatique. - Administrateur. - Admis à l&apos;Académie française en 1799, radié en 1816 puis réadmis en 1829. - Député de la Chambre des Cent Jours. - A publié des comédies en collaboration avec Marc Antoine Désaugiers sous le pseudonyme collectif de M. Delaligne. - Né à Paris, mort à Goderville (Seine-Maritime)</subfield>
  </datafield>
  <datafield tag="500" ind1=" " ind2=" ">
    <subfield code="3">029553652</subfield>
    <subfield code="7">ba0yba0y</subfield>
    <subfield code="a">Delaligne</subfield>
  </datafield>
  <datafield tag="801" ind1=" " ind2="3">
    <subfield code="a">FR</subfield>
    <subfield code="b">Abes</subfield>
    <subfield code="c">20160420</subfield>
    <subfield code="g">AFNOR</subfield>
    <subfield code="h">07332342X</subfield>
  </datafield>
  <datafield tag="810" ind1=" " ind2=" ">
    <subfield code="a">Chant lyrique pour l&apos;inauguration de la statue de l&apos;empereur à l&apos;Institut / paroles de A.-V. Arnault, musique de Méhul, 1807. Cadet-Roussel, esturgeon, folie-parade en 2 actes, mêlée de vaudevilles / par M. Delaligne, rue du Chat-qui-pêche, 1813</subfield>
  </datafield>
  <datafield tag="810" ind1=" " ind2=" ">
    <subfield code="a">DBF. Dictionnaire des francs-maçons français / Michel Gaudart de Soulages, Hubert Lamant, 1995</subfield>
  </datafield>
  <datafield tag="810" ind1=" " ind2=" ">
    <subfield code="a">BN Cat. gén.</subfield>
  </datafield>
  <datafield tag="900" ind1=" " ind2=" ">
    <subfield code="a">Arnault, Antoine Vincent (1766-1834)</subfield>
  </datafield>
</record>