


<record>
  <leader>     cx  a22     3  45  </leader>
  <controlfield tag="001">035006676</controlfield>
  <controlfield tag="003">http://www.idref.fr/035006676</controlfield>
  <controlfield tag="004">19970620</controlfield>
  <controlfield tag="005">20151002040424.000</controlfield>
  <controlfield tag="006">0004</controlfield>
  <controlfield tag="007">4994</controlfield>
  <controlfield tag="008">Tp5</controlfield>
  <datafield tag="033" ind1=" " ind2=" ">
    <subfield code="a">http://catalogue.bnf.fr/ark:/12148/cb12569662x</subfield>
    <subfield code="2">BNF</subfield>
    <subfield code="d">20150918</subfield>
  </datafield>
  <datafield tag="035" ind1=" " ind2=" ">
    <subfield code="a">frBN013296574</subfield>
  </datafield>
  <datafield tag="035" ind1=" " ind2=" ">
    <subfield code="a">FRBNF125696627</subfield>
    <subfield code="z">FRBNF12569662</subfield>
  </datafield>
  <datafield tag="100" ind1=" " ind2=" ">
    <subfield code="a">19970620afrey50      ba0</subfield>
  </datafield>
  <datafield tag="101" ind1=" " ind2=" ">
    <subfield code="a">fre</subfield>
  </datafield>
  <datafield tag="102" ind1=" " ind2=" ">
    <subfield code="a">FR</subfield>
  </datafield>
  <datafield tag="103" ind1=" " ind2=" ">
    <subfield code="a"> 19230801 </subfield>
  </datafield>
  <datafield tag="106" ind1=" " ind2=" ">
    <subfield code="a">0</subfield>
    <subfield code="b">#</subfield>
  </datafield>
  <datafield tag="152" ind1=" " ind2=" ">
    <subfield code="a">AFNOR</subfield>
  </datafield>
  <datafield tag="200" ind1=" " ind2="1">
    <subfield code="7">ba0yba0y</subfield>
    <subfield code="9">0</subfield>
    <subfield code="a">Boyer</subfield>
    <subfield code="b">Jean</subfield>
    <subfield code="f">1923-....</subfield>
    <subfield code="c">sénateur</subfield>
  </datafield>
  <datafield tag="300" ind1="0" ind2=" ">
    <subfield code="7">ba0yba0y</subfield>
    <subfield code="a">Cadre commercial. Conseiller général honoraire de l&apos;Isère, maire honoraire de Gillonay. Sénateur de l&apos;Isère depuis 1983 (en 1997)</subfield>
  </datafield>
  <datafield tag="801" ind1=" " ind2="3">
    <subfield code="a">FR</subfield>
    <subfield code="b">Abes</subfield>
    <subfield code="c">20151002</subfield>
    <subfield code="g">AFNOR</subfield>
  </datafield>
  <datafield tag="810" ind1=" " ind2=" ">
    <subfield code="a">Rapport d&apos;information sur la politique d&apos;investissement dans le domaine des infrastructures routières / Sénat, Session ordinaire de 1996-1997 ; fait au nom de la Commission des affaires économiques et du plan ; par M. Jean Boyer,..., 1997</subfield>
  </datafield>
  <datafield tag="810" ind1=" " ind2=" ">
    <subfield code="a">Not. portr. / Sénat, 1995</subfield>
  </datafield>
  <datafield tag="900" ind1=" " ind2=" ">
    <subfield code="a">Boyer, Jean (1923-.... ; sénateur)</subfield>
  </datafield>
</record>