


<record>
  <leader>     cx  a22     3  45  </leader>
  <controlfield tag="001">035034890</controlfield>
  <controlfield tag="003">http://www.idref.fr/035034890</controlfield>
  <controlfield tag="004">19970710</controlfield>
  <controlfield tag="005">20161108030748.000</controlfield>
  <controlfield tag="006">0004</controlfield>
  <controlfield tag="007">4994</controlfield>
  <controlfield tag="008">Tp5</controlfield>
  <datafield tag="010" ind1=" " ind2=" ">
    <subfield code="a">0000000108802233</subfield>
    <subfield code="2">BNF</subfield>
    <subfield code="d">20150918</subfield>
  </datafield>
  <datafield tag="033" ind1=" " ind2=" ">
    <subfield code="a">http://catalogue.bnf.fr/ark:/12148/cb138979558</subfield>
    <subfield code="2">BNF</subfield>
    <subfield code="d">20150918</subfield>
  </datafield>
  <datafield tag="035" ind1=" " ind2=" ">
    <subfield code="a">079000568</subfield>
    <subfield code="9">sudoc</subfield>
  </datafield>
  <datafield tag="035" ind1=" " ind2=" ">
    <subfield code="a">FRBNF125720697</subfield>
    <subfield code="z">FRBNF12572069</subfield>
  </datafield>
  <datafield tag="035" ind1=" " ind2=" ">
    <subfield code="a">frBN01332915</subfield>
  </datafield>
  <datafield tag="035" ind1=" " ind2=" ">
    <subfield code="a">frBN013329152</subfield>
  </datafield>
  <datafield tag="035" ind1=" " ind2=" ">
    <subfield code="a">FRBNF138979550</subfield>
    <subfield code="z">FRBNF13897955</subfield>
  </datafield>
  <datafield tag="100" ind1=" " ind2=" ">
    <subfield code="a">19970710afrey50      ba0</subfield>
  </datafield>
  <datafield tag="101" ind1=" " ind2=" ">
    <subfield code="a">ger</subfield>
  </datafield>
  <datafield tag="102" ind1=" " ind2=" ">
    <subfield code="a">DE</subfield>
  </datafield>
  <datafield tag="103" ind1=" " ind2=" ">
    <subfield code="a"> 18100609 </subfield>
    <subfield code="b"> 18490511 </subfield>
  </datafield>
  <datafield tag="106" ind1=" " ind2=" ">
    <subfield code="a">0</subfield>
    <subfield code="b">1</subfield>
    <subfield code="c">0</subfield>
  </datafield>
  <datafield tag="152" ind1=" " ind2=" ">
    <subfield code="a">AFNOR</subfield>
  </datafield>
  <datafield tag="200" ind1=" " ind2="1">
    <subfield code="7">ba0yba0y</subfield>
    <subfield code="9">1</subfield>
    <subfield code="a">Nicolai</subfield>
    <subfield code="b">Otto</subfield>
    <subfield code="f">1810-1849</subfield>
  </datafield>
  <datafield tag="340" ind1=" " ind2=" ">
    <subfield code="7">ba0yba0y</subfield>
    <subfield code="a">Compositeur et chef d&apos;orchestre allemand. Pianiste, chanteur, organiste. Professeur de chant et maître de chapelle. Il organise des concerts symphoniques</subfield>
  </datafield>
  <datafield tag="340" ind1=" " ind2=" ">
    <subfield code="7">ba0yba0y</subfield>
    <subfield code="a">Lieu de naissance Konigsberg (Kaliningrad), C.E.I. Lieu de décès Berlin</subfield>
  </datafield>
  <datafield tag="400" ind1=" " ind2="1">
    <subfield code="7">ba0yba0y</subfield>
    <subfield code="9">1</subfield>
    <subfield code="a">Nicolai</subfield>
    <subfield code="b">Carl Otto</subfield>
  </datafield>
  <datafield tag="400" ind1=" " ind2="1">
    <subfield code="7">ba0yba0y</subfield>
    <subfield code="9">#</subfield>
    <subfield code="a">Nicolai</subfield>
    <subfield code="b">Carl Otto Ehrenfrie</subfield>
  </datafield>
  <datafield tag="400" ind1=" " ind2="1">
    <subfield code="7">ba0yba0y</subfield>
    <subfield code="9">1</subfield>
    <subfield code="a">Ehrenfried Nicolai</subfield>
    <subfield code="b">Otto</subfield>
  </datafield>
  <datafield tag="510" ind1="0" ind2=" ">
    <subfield code="0">Dirige</subfield>
    <subfield code="3">031837700</subfield>
    <subfield code="5">z|xxx</subfield>
    <subfield code="7">ba0yba0y</subfield>
    <subfield code="a">Wiener Philharmoniker</subfield>
  </datafield>
  <datafield tag="686" ind1=" " ind2=" ">
    <subfield code="a">780</subfield>
    <subfield code="c">Musique</subfield>
    <subfield code="2">Note de regroupement par domaine</subfield>
  </datafield>
  <datafield tag="801" ind1=" " ind2="3">
    <subfield code="a">FR</subfield>
    <subfield code="b">Abes</subfield>
    <subfield code="c">20161108</subfield>
    <subfield code="g">AFNOR</subfield>
    <subfield code="h">079000568</subfield>
  </datafield>
  <datafield tag="810" ind1=" " ind2=" ">
    <subfield code="a">Otto Nicolai : die lustigen Weiber von Windsor : [programme] / Opéra-comique, 1996</subfield>
  </datafield>
  <datafield tag="810" ind1=" " ind2=" ">
    <subfield code="a">Grove 6. Dictionnaire biographique des musiciens / Baker, Slonimsky, 1995</subfield>
  </datafield>
  <datafield tag="810" ind1=" " ind2=" ">
    <subfield code="a">BN Cat. gén. : Nicolai (Otto) et Nicolai (Otto Carl Ehrenfried)</subfield>
  </datafield>
  <datafield tag="810" ind1=" " ind2=" ">
    <subfield code="a">BN Cat. gén. suppl. : Nicolai (Otto Carl Ehrenfried)</subfield>
  </datafield>
  <datafield tag="900" ind1=" " ind2=" ">
    <subfield code="a">Nicolai, Otto (1810-1849)</subfield>
  </datafield>
  <datafield tag="901" ind1=" " ind2=" ">
    <subfield code="a">Nicolai, Carl Otto</subfield>
  </datafield>
  <datafield tag="901" ind1=" " ind2=" ">
    <subfield code="a">Nicolai, Carl Otto Ehrenfrie</subfield>
  </datafield>
  <datafield tag="901" ind1=" " ind2=" ">
    <subfield code="a">Ehrenfried Nicolai, Otto</subfield>
  </datafield>
</record>