


<record>
  <leader>     cx  a22     3  45  </leader>
  <controlfield tag="001">050222937</controlfield>
  <controlfield tag="003">http://www.idref.fr/050222937</controlfield>
  <controlfield tag="004">20000713</controlfield>
  <controlfield tag="005">20190116105721.000</controlfield>
  <controlfield tag="006">1999</controlfield>
  <controlfield tag="007">335222103</controlfield>
  <controlfield tag="008">Tp5</controlfield>
  <datafield tag="010" ind1=" " ind2=" ">
    <subfield code="a">0000000069181891</subfield>
    <subfield code="2">BNF</subfield>
    <subfield code="d">20180911</subfield>
  </datafield>
  <datafield tag="033" ind1=" " ind2=" ">
    <subfield code="a">http://catalogue.bnf.fr/ark:/12148/cb135200136</subfield>
    <subfield code="2">BNF</subfield>
    <subfield code="d">20150918</subfield>
  </datafield>
  <datafield tag="035" ind1=" " ind2=" ">
    <subfield code="a">055809715</subfield>
    <subfield code="9">sudoc</subfield>
  </datafield>
  <datafield tag="035" ind1=" " ind2=" ">
    <subfield code="a">frBN014306110</subfield>
  </datafield>
  <datafield tag="035" ind1=" " ind2=" ">
    <subfield code="a">frBN015385057</subfield>
  </datafield>
  <datafield tag="035" ind1=" " ind2=" ">
    <subfield code="a">FRBNF135200136</subfield>
    <subfield code="z">FRBNF13520013</subfield>
  </datafield>
  <datafield tag="100" ind1=" " ind2=" ">
    <subfield code="a">20000713afrey50      ba0</subfield>
  </datafield>
  <datafield tag="101" ind1=" " ind2=" ">
    <subfield code="a">eng</subfield>
  </datafield>
  <datafield tag="102" ind1=" " ind2=" ">
    <subfield code="a">GB</subfield>
  </datafield>
  <datafield tag="103" ind1=" " ind2=" ">
    <subfield code="a"> 19650731 </subfield>
  </datafield>
  <datafield tag="106" ind1=" " ind2=" ">
    <subfield code="a">0</subfield>
    <subfield code="b">1</subfield>
    <subfield code="c">0</subfield>
  </datafield>
  <datafield tag="120" ind1=" " ind2=" ">
    <subfield code="a">aa</subfield>
  </datafield>
  <datafield tag="152" ind1=" " ind2=" ">
    <subfield code="a">AFNOR</subfield>
  </datafield>
  <datafield tag="200" ind1=" " ind2="1">
    <subfield code="7">ba0yba0y</subfield>
    <subfield code="5">e|xxx</subfield>
    <subfield code="9">0</subfield>
    <subfield code="a">Rowling</subfield>
    <subfield code="b">Joanne Kathleen</subfield>
    <subfield code="f">1965-....</subfield>
  </datafield>
  <datafield tag="400" ind1=" " ind2="1">
    <subfield code="5">f|xxx</subfield>
    <subfield code="7">ba0yba0y</subfield>
    <subfield code="9">#</subfield>
    <subfield code="a">Rowling</subfield>
    <subfield code="b">Joanne</subfield>
  </datafield>
  <datafield tag="400" ind1=" " ind2="1">
    <subfield code="7">ba0yba0y</subfield>
    <subfield code="9">#</subfield>
    <subfield code="a">Rowling</subfield>
    <subfield code="b">J.K.</subfield>
  </datafield>
  <datafield tag="400" ind1=" " ind2="1">
    <subfield code="7">ba0yba0y</subfield>
    <subfield code="9">#</subfield>
    <subfield code="a">Rowling</subfield>
    <subfield code="b">Jo</subfield>
  </datafield>
  <datafield tag="400" ind1=" " ind2="1">
    <subfield code="5">e|xxx</subfield>
    <subfield code="7">ba0yba0y</subfield>
    <subfield code="9">#</subfield>
    <subfield code="a">Scamander</subfield>
    <subfield code="b">Newt</subfield>
  </datafield>
  <datafield tag="400" ind1=" " ind2="1">
    <subfield code="5">e|xxx</subfield>
    <subfield code="7">ba0yba0y</subfield>
    <subfield code="9">#</subfield>
    <subfield code="a">Whisp</subfield>
    <subfield code="b">Kennilworthy</subfield>
  </datafield>
  <datafield tag="400" ind1=" " ind2="1">
    <subfield code="6">a01</subfield>
    <subfield code="7">ba0yda0y</subfield>
    <subfield code="a">ローリング</subfield>
    <subfield code="b">J. K.</subfield>
  </datafield>
  <datafield tag="400" ind1=" " ind2="1">
    <subfield code="6">a01</subfield>
    <subfield code="7">ba0yba0y</subfield>
    <subfield code="a">Rōringu</subfield>
    <subfield code="b">J. K.</subfield>
  </datafield>
  <datafield tag="500" ind1=" " ind2="1">
    <subfield code="3">174366744</subfield>
    <subfield code="5">e|xxx</subfield>
    <subfield code="7">ba0yba0y</subfield>
    <subfield code="a">Galbraith</subfield>
    <subfield code="b">Robert</subfield>
    <subfield code="f">1965-...</subfield>
  </datafield>
  <datafield tag="801" ind1=" " ind2="3">
    <subfield code="a">FR</subfield>
    <subfield code="b">Abes</subfield>
    <subfield code="c">20190116</subfield>
    <subfield code="g">AFNOR</subfield>
    <subfield code="h">055809715</subfield>
  </datafield>
  <datafield tag="810" ind1=" " ind2=" ">
    <subfield code="a">Harry Potter à l&apos;école des sorciers / J. K. Rowling, 1998</subfield>
  </datafield>
  <datafield tag="810" ind1=" " ind2=" ">
    <subfield code="a">Le quidditch à travers les âges / Kennilworthy Whisp [i.e. J. K. Rowling], 2001</subfield>
  </datafield>
  <datafield tag="810" ind1=" " ind2=" ">
    <subfield code="a">Les animaux fantastiques / Newt Scamander [i.e. J. K. Rowling], 2001</subfield>
  </datafield>
  <datafield tag="810" ind1=" " ind2=" ">
    <subfield code="a">The cuckoo&apos;s calling / Robert Galbraith [i.e. J. K. Rowling], 2013</subfield>
  </datafield>
  <datafield tag="810" ind1=" " ind2=" ">
    <subfield code="a">Internet, https://fr.wikipedia.org/wiki/J._K._Rowling (2017-03-28)</subfield>
    <subfield code="b">Joanne Rowling, connue sous les pseudonymes de J. K. Rowling et Robert Galbraith est une romancière et scénariste britannique, née le 31 juillet 1965 dans l&apos;agglomération de Yate, dans le Gloucestershire, en Angleterre. Elle doit sa notoriété mondiale à la série &quot;Harry Potter&quot;, dont les romans traduits en au moins 67 langues ont été vendus à plus de 450 millions d&apos;exemplaires.</subfield>
  </datafield>
  <datafield tag="810" ind1=" " ind2=" ">
    <subfield code="6">a02</subfield>
    <subfield code="7">ba0yda0y</subfield>
    <subfield code="a">ハリー. ポッターと賢者の石 = Harry Potter and the philosopher&apos;s stone / J. K. ローリング作 ; 松岡佑子訳, 2003</subfield>
  </datafield>
  <datafield tag="810" ind1=" " ind2=" ">
    <subfield code="6">a02</subfield>
    <subfield code="7">ba0yba0a</subfield>
    <subfield code="a">Harī Pottā to kenja no ishi = Harry Potter and the philosopher&apos;s stone / J. K. Rōringu saku ; Matsuoka Yuko yaku, 2003</subfield>
  </datafield>
  <datafield tag="900" ind1=" " ind2=" ">
    <subfield code="a">Rowling, Joanne Kathleen (1965-....)</subfield>
  </datafield>
  <datafield tag="901" ind1=" " ind2=" ">
    <subfield code="a">Rowling, Joanne</subfield>
  </datafield>
  <datafield tag="901" ind1=" " ind2=" ">
    <subfield code="a">Rowling, J.K.</subfield>
  </datafield>
  <datafield tag="901" ind1=" " ind2=" ">
    <subfield code="a">Rowling, Jo</subfield>
  </datafield>
  <datafield tag="901" ind1=" " ind2=" ">
    <subfield code="a">Scamander, Newt</subfield>
  </datafield>
  <datafield tag="901" ind1=" " ind2=" ">
    <subfield code="a">Whisp, Kennilworthy</subfield>
  </datafield>
  <datafield tag="901" ind1=" " ind2=" ">
    <subfield code="6">01</subfield>
    <subfield code="7">da</subfield>
    <subfield code="a">ローリング, J. K.</subfield>
  </datafield>
  <datafield tag="901" ind1=" " ind2=" ">
    <subfield code="6">01</subfield>
    <subfield code="7">ba</subfield>
    <subfield code="a">Rōringu, J. K.</subfield>
  </datafield>
</record>