


<record>
  <leader>     cx  a22     3  45  </leader>
  <controlfield tag="001">058476547</controlfield>
  <controlfield tag="003">http://www.idref.fr/058476547</controlfield>
  <controlfield tag="004">20010927</controlfield>
  <controlfield tag="005">20031217141840.000</controlfield>
  <controlfield tag="006">1999</controlfield>
  <controlfield tag="007">1999</controlfield>
  <controlfield tag="008">Tp5</controlfield>
  <datafield tag="100" ind1=" " ind2=" ">
    <subfield code="a">20010927afrey50      ba0</subfield>
  </datafield>
  <datafield tag="101" ind1=" " ind2=" ">
    <subfield code="a">fre</subfield>
  </datafield>
  <datafield tag="102" ind1=" " ind2=" ">
    <subfield code="a">FR</subfield>
  </datafield>
  <datafield tag="106" ind1=" " ind2=" ">
    <subfield code="a">0</subfield>
    <subfield code="b">1</subfield>
    <subfield code="c">0</subfield>
  </datafield>
  <datafield tag="120" ind1=" " ind2=" ">
    <subfield code="a">ba</subfield>
  </datafield>
  <datafield tag="152" ind1=" " ind2=" ">
    <subfield code="a">AFNOR</subfield>
  </datafield>
  <datafield tag="200" ind1=" " ind2="1">
    <subfield code="7">ba0yba0y</subfield>
    <subfield code="9">0</subfield>
    <subfield code="a">Foucault</subfield>
    <subfield code="b">Michel</subfield>
    <subfield code="f">19..-....</subfield>
    <subfield code="c">docteur en pharmacie</subfield>
  </datafield>
  <datafield tag="801" ind1=" " ind2="3">
    <subfield code="a">FR</subfield>
    <subfield code="b">Abes</subfield>
    <subfield code="c">20031217</subfield>
    <subfield code="g">AFNOR</subfield>
  </datafield>
  <datafield tag="810" ind1=" " ind2=" ">
    <subfield code="a">Les amines fluorees dans la prévention des caries / Michel Foucault, 1983. - Doctorat de pharmacie : Poitiers</subfield>
  </datafield>
  <datafield tag="900" ind1=" " ind2=" ">
    <subfield code="a">Foucault, Michel (19..-.... ; docteur en pharmacie)</subfield>
  </datafield>
</record>