


<record>
  <leader>     cx  a22     3  45  </leader>
  <controlfield tag="001">059919639</controlfield>
  <controlfield tag="003">http://www.idref.fr/059919639</controlfield>
  <controlfield tag="004">20020313</controlfield>
  <controlfield tag="005">20171216221009.000</controlfield>
  <controlfield tag="006">330632101</controlfield>
  <controlfield tag="007">341720001</controlfield>
  <controlfield tag="008">Tp5</controlfield>
  <datafield tag="035" ind1=" " ind2=" ">
    <subfield code="a">jean-pierre-charpy</subfield>
    <subfield code="2">HAL</subfield>
  </datafield>
  <datafield tag="035" ind1=" " ind2=" ">
    <subfield code="a">0000000260522770</subfield>
    <subfield code="2">ORCID</subfield>
  </datafield>
  <datafield tag="100" ind1=" " ind2=" ">
    <subfield code="a">20020313afrey50      ba0</subfield>
  </datafield>
  <datafield tag="101" ind1=" " ind2=" ">
    <subfield code="a">fre</subfield>
    <subfield code="a">eng</subfield>
  </datafield>
  <datafield tag="102" ind1=" " ind2=" ">
    <subfield code="a">FR</subfield>
  </datafield>
  <datafield tag="106" ind1=" " ind2=" ">
    <subfield code="a">0</subfield>
    <subfield code="b">1</subfield>
    <subfield code="c">0</subfield>
  </datafield>
  <datafield tag="120" ind1=" " ind2=" ">
    <subfield code="a">ba</subfield>
  </datafield>
  <datafield tag="152" ind1=" " ind2=" ">
    <subfield code="a">AFNOR</subfield>
  </datafield>
  <datafield tag="200" ind1=" " ind2="1">
    <subfield code="7">ba0yba0y</subfield>
    <subfield code="8">frefre</subfield>
    <subfield code="9">0</subfield>
    <subfield code="a">Charpy</subfield>
    <subfield code="b">Jean-Pierre</subfield>
  </datafield>
  <datafield tag="340" ind1=" " ind2=" ">
    <subfield code="7">ba0yba0y</subfield>
    <subfield code="a">Professeur d&apos;anglais à la faculté de Médecine de Dijon (en 2005)</subfield>
  </datafield>
  <datafield tag="801" ind1=" " ind2="3">
    <subfield code="a">FR</subfield>
    <subfield code="b">Abes</subfield>
    <subfield code="c">20171216</subfield>
    <subfield code="g">AFNOR</subfield>
  </datafield>
  <datafield tag="810" ind1=" " ind2=" ">
    <subfield code="a">La communication orale scientifique en anglais / Didier Carnet, Jean-Pierre Charpy, Catherine Creuzot-Garcher, cop. 2002</subfield>
  </datafield>
  <datafield tag="810" ind1=" " ind2=" ">
    <subfield code="a">La communication orale scientifique en anglais : guide pratique à l&apos;usage des Sciences de la Vie et de la Santé/Didier Carnet, Jean-Pierre Charpy,Catherine Creuzot-Garcher ; [préface  Louis Jeannin,...], cop. 2002</subfield>
    <subfield code="b">Agrégé de l&apos;Université</subfield>
  </datafield>
  <datafield tag="900" ind1=" " ind2=" ">
    <subfield code="a">Charpy, Jean-Pierre</subfield>
  </datafield>
</record>