


<record>
  <leader>     cx  a22     3  45  </leader>
  <controlfield tag="001">060590920</controlfield>
  <controlfield tag="003">http://www.idref.fr/060590920</controlfield>
  <controlfield tag="004">20020422</controlfield>
  <controlfield tag="005">20160909191236.000</controlfield>
  <controlfield tag="006">751052116</controlfield>
  <controlfield tag="007">9999</controlfield>
  <controlfield tag="008">Tp5</controlfield>
  <datafield tag="010" ind1=" " ind2=" ">
    <subfield code="a">0000000083995509</subfield>
    <subfield code="2">BNF</subfield>
    <subfield code="d">20150918</subfield>
  </datafield>
  <datafield tag="033" ind1=" " ind2=" ">
    <subfield code="a">http://catalogue.bnf.fr/ark:/12148/cb139012676</subfield>
    <subfield code="2">BNF</subfield>
    <subfield code="d">20150918</subfield>
  </datafield>
  <datafield tag="035" ind1=" " ind2=" ">
    <subfield code="a">080852149</subfield>
    <subfield code="9">sudoc</subfield>
  </datafield>
  <datafield tag="035" ind1=" " ind2=" ">
    <subfield code="a">FRBNF139012676</subfield>
    <subfield code="z">FRBNF13901267</subfield>
  </datafield>
  <datafield tag="100" ind1=" " ind2=" ">
    <subfield code="a">20020422afrey50      ba0</subfield>
  </datafield>
  <datafield tag="101" ind1=" " ind2=" ">
    <subfield code="a">fre</subfield>
  </datafield>
  <datafield tag="102" ind1=" " ind2=" ">
    <subfield code="a">FR</subfield>
  </datafield>
  <datafield tag="103" ind1=" " ind2=" ">
    <subfield code="a"> 18840119 </subfield>
    <subfield code="b"> 19700221 </subfield>
  </datafield>
  <datafield tag="106" ind1=" " ind2=" ">
    <subfield code="a">0</subfield>
    <subfield code="b">1</subfield>
    <subfield code="c">0</subfield>
  </datafield>
  <datafield tag="120" ind1=" " ind2=" ">
    <subfield code="a">ba</subfield>
  </datafield>
  <datafield tag="152" ind1=" " ind2=" ">
    <subfield code="a">AFNOR</subfield>
  </datafield>
  <datafield tag="200" ind1=" " ind2="1">
    <subfield code="7">ba0yba0y</subfield>
    <subfield code="9">0</subfield>
    <subfield code="a">Wolff</subfield>
    <subfield code="b">Albert</subfield>
    <subfield code="f">1884-1970</subfield>
  </datafield>
  <datafield tag="340" ind1=" " ind2=" ">
    <subfield code="7">ba0yba0y</subfield>
    <subfield code="a">Chef d&apos;orchestre</subfield>
  </datafield>
  <datafield tag="340" ind1=" " ind2=" ">
    <subfield code="7">ba0yba0y</subfield>
    <subfield code="a">Lieu de naissance Paris</subfield>
  </datafield>
  <datafield tag="400" ind1=" " ind2="1">
    <subfield code="7">ba0yba0y</subfield>
    <subfield code="9">#</subfield>
    <subfield code="a">Wolff</subfield>
    <subfield code="b">Albert Louis</subfield>
  </datafield>
  <datafield tag="400" ind1=" " ind2="1">
    <subfield code="7">ba0yba0y</subfield>
    <subfield code="9">#</subfield>
    <subfield code="a">Wolf</subfield>
    <subfield code="b">Albert</subfield>
    <subfield code="f">1884-1970</subfield>
  </datafield>
  <datafield tag="510" ind1="0" ind2=" ">
    <subfield code="0">Dirige</subfield>
    <subfield code="3">080853420</subfield>
    <subfield code="5">z|xxx</subfield>
    <subfield code="7">ba0yba0y</subfield>
    <subfield code="a">Théâtre National de L&apos;Opéra-Comique</subfield>
    <subfield code="c">Paris</subfield>
    <subfield code="b">Orchestre</subfield>
  </datafield>
  <datafield tag="510" ind1="0" ind2=" ">
    <subfield code="0">Dirige</subfield>
    <subfield code="3">078771064</subfield>
    <subfield code="5">z|xxx</subfield>
    <subfield code="7">ba0yba0y</subfield>
    <subfield code="a">Metropolitan opera</subfield>
    <subfield code="c">New York</subfield>
    <subfield code="b">Orchestra</subfield>
  </datafield>
  <datafield tag="510" ind1="0" ind2=" ">
    <subfield code="7">ba0yba0y</subfield>
    <subfield code="a">Association des Concerts Pasdeloup</subfield>
    <subfield code="c">Paris</subfield>
  </datafield>
  <datafield tag="510" ind1="0" ind2=" ">
    <subfield code="3">081233418</subfield>
    <subfield code="7">ba0yba0y</subfield>
    <subfield code="a">Orchestre des concerts Lamoureux</subfield>
  </datafield>
  <datafield tag="801" ind1=" " ind2="3">
    <subfield code="a">FR</subfield>
    <subfield code="b">Abes</subfield>
    <subfield code="c">20160909</subfield>
    <subfield code="g">AFNOR</subfield>
    <subfield code="h">080852149</subfield>
  </datafield>
  <datafield tag="810" ind1=" " ind2=" ">
    <subfield code="a">Internet, http://opera.stanford.edu/composers/, 01-10-2004</subfield>
    <subfield code="b">Compositeur, Wolff, Albert (Louis) (19.1.1884 Paris - 20.2.1970 Paris)</subfield>
  </datafield>
  <datafield tag="810" ind1=" " ind2=" ">
    <subfield code="a">Albert Wolff - Eugène Bigot / Jean-Philippe Mousnier, 2001</subfield>
  </datafield>
  <datafield tag="900" ind1=" " ind2=" ">
    <subfield code="a">Wolff, Albert (1884-1970)</subfield>
  </datafield>
  <datafield tag="901" ind1=" " ind2=" ">
    <subfield code="a">Wolff, Albert Louis</subfield>
  </datafield>
  <datafield tag="901" ind1=" " ind2=" ">
    <subfield code="a">Wolf, Albert (1884-1970)</subfield>
  </datafield>
</record>