


<record>
  <leader>     cx  a22     3  45  </leader>
  <controlfield tag="001">060835532</controlfield>
  <controlfield tag="003">http://www.idref.fr/060835532</controlfield>
  <controlfield tag="004">20020515</controlfield>
  <controlfield tag="005">20181221155711.000</controlfield>
  <controlfield tag="006">930662101</controlfield>
  <controlfield tag="007">624982102</controlfield>
  <controlfield tag="008">Tp5</controlfield>
  <datafield tag="010" ind1=" " ind2=" ">
    <subfield code="a">0000000121232247</subfield>
    <subfield code="2">BNF</subfield>
    <subfield code="d">20150918</subfield>
  </datafield>
  <datafield tag="033" ind1=" " ind2=" ">
    <subfield code="a">http://catalogue.bnf.fr/ark:/12148/cb13895967s</subfield>
    <subfield code="2">BNF</subfield>
    <subfield code="d">20150921</subfield>
  </datafield>
  <datafield tag="035" ind1=" " ind2=" ">
    <subfield code="a">FRBNF138959672</subfield>
    <subfield code="z">FRBNF13895967</subfield>
  </datafield>
  <datafield tag="035" ind1=" " ind2=" ">
    <subfield code="a">frBN001898313</subfield>
  </datafield>
  <datafield tag="100" ind1=" " ind2=" ">
    <subfield code="a">20020515afree50      ba0</subfield>
  </datafield>
  <datafield tag="101" ind1=" " ind2=" ">
    <subfield code="a">rus</subfield>
  </datafield>
  <datafield tag="102" ind1=" " ind2=" ">
    <subfield code="a">SU</subfield>
  </datafield>
  <datafield tag="103" ind1=" " ind2=" ">
    <subfield code="a"> 1903     </subfield>
    <subfield code="b"> 1978     </subfield>
  </datafield>
  <datafield tag="106" ind1=" " ind2=" ">
    <subfield code="a">0</subfield>
    <subfield code="b">1</subfield>
    <subfield code="c">0</subfield>
  </datafield>
  <datafield tag="120" ind1=" " ind2=" ">
    <subfield code="a">ba</subfield>
  </datafield>
  <datafield tag="152" ind1=" " ind2=" ">
    <subfield code="a">AFNOR</subfield>
  </datafield>
  <datafield tag="200" ind1=" " ind2="1">
    <subfield code="7">ba0yba0e</subfield>
    <subfield code="9">1</subfield>
    <subfield code="a">Khatchatourian</subfield>
    <subfield code="b">Aram</subfield>
    <subfield code="f">1903-1978</subfield>
  </datafield>
  <datafield tag="340" ind1=" " ind2=" ">
    <subfield code="7">ba0yba0y</subfield>
    <subfield code="a">Compositeur, chef d&apos;orchestre</subfield>
  </datafield>
  <datafield tag="340" ind1=" " ind2=" ">
    <subfield code="7">ba0yba0y</subfield>
    <subfield code="a">Lieu de naissance : Tbilisi. Lieu de décès : Moscou</subfield>
  </datafield>
  <datafield tag="400" ind1=" " ind2="1">
    <subfield code="7">ba0yba0y</subfield>
    <subfield code="9">#</subfield>
    <subfield code="a">Khatchaturian</subfield>
    <subfield code="b">Aram</subfield>
  </datafield>
  <datafield tag="400" ind1=" " ind2="1">
    <subfield code="7">ba0yba0y</subfield>
    <subfield code="9">#</subfield>
    <subfield code="a">Kachaturian</subfield>
    <subfield code="b">Aram</subfield>
  </datafield>
  <datafield tag="400" ind1=" " ind2="1">
    <subfield code="7">ba0yba0y</subfield>
    <subfield code="9">#</subfield>
    <subfield code="a">Khatchatourian</subfield>
    <subfield code="b">Aram</subfield>
  </datafield>
  <datafield tag="400" ind1=" " ind2="1">
    <subfield code="7">ba0yba0y</subfield>
    <subfield code="9">#</subfield>
    <subfield code="a">Katchaturian</subfield>
    <subfield code="b">Aram</subfield>
  </datafield>
  <datafield tag="400" ind1=" " ind2="1">
    <subfield code="7">ba0yba0y</subfield>
    <subfield code="9">#</subfield>
    <subfield code="a">Khachaturian</subfield>
    <subfield code="b">Aram Il&apos;yich</subfield>
  </datafield>
  <datafield tag="400" ind1=" " ind2="1">
    <subfield code="7">ba0yba0y</subfield>
    <subfield code="9">#</subfield>
    <subfield code="a">Khatchaturian</subfield>
    <subfield code="b">Aram</subfield>
    <subfield code="f">1903-1978</subfield>
  </datafield>
  <datafield tag="400" ind1=" " ind2="1">
    <subfield code="7">ba0yba0y</subfield>
    <subfield code="9">#</subfield>
    <subfield code="a">Kachaturian</subfield>
    <subfield code="b">Aram</subfield>
    <subfield code="f">1903-1978</subfield>
  </datafield>
  <datafield tag="400" ind1=" " ind2="1">
    <subfield code="7">ba0yba0y</subfield>
    <subfield code="9">#</subfield>
    <subfield code="a">Khachaturian</subfield>
    <subfield code="b">Aram Ilʹich</subfield>
    <subfield code="f">1903-1978</subfield>
  </datafield>
  <datafield tag="510" ind1="0" ind2=" ">
    <subfield code="0">Dirige</subfield>
    <subfield code="3">087453223</subfield>
    <subfield code="5">z|xxx</subfield>
    <subfield code="7">ba0yba0y</subfield>
    <subfield code="a">Russian state symphony orchestra of cinematography</subfield>
  </datafield>
  <datafield tag="700" ind1=" " ind2="1">
    <subfield code="7">ba0yba0a</subfield>
    <subfield code="8">frearm</subfield>
    <subfield code="9">0</subfield>
    <subfield code="a">Xačatryan</subfield>
    <subfield code="b">Aram</subfield>
    <subfield code="f">1903-1978</subfield>
  </datafield>
  <datafield tag="700" ind1=" " ind2="1">
    <subfield code="7">ba0yba0y</subfield>
    <subfield code="8">frearm</subfield>
    <subfield code="9">0</subfield>
    <subfield code="a">Խաչատրյան</subfield>
    <subfield code="b">Արամ</subfield>
    <subfield code="f">1903-1978</subfield>
  </datafield>
  <datafield tag="700" ind1=" " ind2="1">
    <subfield code="7">ba0yba0a</subfield>
    <subfield code="8">frerus</subfield>
    <subfield code="9">0</subfield>
    <subfield code="a">Hačaturân</subfield>
    <subfield code="b">Aram Ilʹič</subfield>
    <subfield code="f">1903-1978</subfield>
  </datafield>
  <datafield tag="700" ind1=" " ind2="1">
    <subfield code="7">ba0yba0y</subfield>
    <subfield code="8">frerus</subfield>
    <subfield code="9">0</subfield>
    <subfield code="a">Хачатурян</subfield>
    <subfield code="b">Арам Ильич</subfield>
    <subfield code="f">1903-1978</subfield>
  </datafield>
  <datafield tag="801" ind1=" " ind2="0">
    <subfield code="a">FR</subfield>
    <subfield code="b">FR-751131015</subfield>
    <subfield code="c">20110804</subfield>
  </datafield>
  <datafield tag="801" ind1=" " ind2="3">
    <subfield code="a">FR</subfield>
    <subfield code="b">Abes</subfield>
    <subfield code="c">20181221</subfield>
    <subfield code="g">AFNOR</subfield>
  </datafield>
  <datafield tag="810" ind1=" " ind2=" ">
    <subfield code="a">BNF Opaline, Audiovisuel (2002-05-15)</subfield>
  </datafield>
  <datafield tag="810" ind1=" " ind2=" ">
    <subfield code="a">Namakner (1934-1978) / Aram Xačatryan, 1995</subfield>
  </datafield>
  <datafield tag="810" ind1=" " ind2=" ">
    <subfield code="a">Masquerade [Enregistrement sonore] [etc.] / Aram Khachaturian, comp. ; David Oistrakh, vl ; [...] Aram Khachaturian, dir. EMI Classics 5550352</subfield>
  </datafield>
  <datafield tag="810" ind1=" " ind2=" ">
    <subfield code="a">Concerto en ré mineur pour violon et orchestre [Enregistrement sonore] / Aram Khatchaturian, comp.. La voix de son maître 2701084</subfield>
  </datafield>
  <datafield tag="810" ind1=" " ind2=" ">
    <subfield code="a">Danse du sabre [Musique imprimée] / by Aram Katchaturian ; arrangement for concert band, Jérôme Naulais, 2005</subfield>
  </datafield>
  <datafield tag="810" ind1=" " ind2=" ">
    <subfield code="a">Muzykalʹnaâ èncikl. : Hačaturân, Aram Ilʹič</subfield>
  </datafield>
  <datafield tag="810" ind1=" " ind2=" ">
    <subfield code="a">Grove music online : Khachaturian, Aram (Ilʹich) - http://www.grovemusic.com (2006-11-16)</subfield>
  </datafield>
  <datafield tag="900" ind1=" " ind2=" ">
    <subfield code="a">Khatchatourian, Aram (1903-1978)</subfield>
  </datafield>
  <datafield tag="901" ind1=" " ind2=" ">
    <subfield code="a">Khatchaturian, Aram</subfield>
  </datafield>
  <datafield tag="901" ind1=" " ind2=" ">
    <subfield code="a">Kachaturian, Aram</subfield>
  </datafield>
  <datafield tag="901" ind1=" " ind2=" ">
    <subfield code="a">Khatchatourian, Aram</subfield>
  </datafield>
  <datafield tag="901" ind1=" " ind2=" ">
    <subfield code="a">Katchaturian, Aram</subfield>
  </datafield>
  <datafield tag="901" ind1=" " ind2=" ">
    <subfield code="a">Khachaturian, Aram Il&apos;yich</subfield>
  </datafield>
  <datafield tag="901" ind1=" " ind2=" ">
    <subfield code="a">Khatchaturian, Aram (1903-1978)</subfield>
  </datafield>
  <datafield tag="901" ind1=" " ind2=" ">
    <subfield code="a">Kachaturian, Aram (1903-1978)</subfield>
  </datafield>
  <datafield tag="901" ind1=" " ind2=" ">
    <subfield code="a">Khachaturian, Aram Ilʹich (1903-1978)</subfield>
  </datafield>
  <datafield tag="902" ind1=" " ind2=" ">
    <subfield code="a">Xačatryan, Aram (1903-1978)</subfield>
  </datafield>
  <datafield tag="902" ind1=" " ind2=" ">
    <subfield code="a">Խաչատրյան, Արամ (1903-1978)</subfield>
  </datafield>
  <datafield tag="902" ind1=" " ind2=" ">
    <subfield code="a">Hačaturân, Aram Ilʹič (1903-1978)</subfield>
  </datafield>
  <datafield tag="902" ind1=" " ind2=" ">
    <subfield code="a">Хачатурян, Арам Ильич (1903-1978)</subfield>
  </datafield>
</record>