


<record>
  <leader>     cx  a22     3  45  </leader>
  <controlfield tag="001">060839228</controlfield>
  <controlfield tag="003">http://www.idref.fr/060839228</controlfield>
  <controlfield tag="004">20020515</controlfield>
  <controlfield tag="005">20190617144245.000</controlfield>
  <controlfield tag="006">674822102</controlfield>
  <controlfield tag="007">384212103</controlfield>
  <controlfield tag="008">Tp5</controlfield>
  <datafield tag="100" ind1=" " ind2=" ">
    <subfield code="a">20020515afrey50      ba0</subfield>
  </datafield>
  <datafield tag="101" ind1=" " ind2=" ">
    <subfield code="a">fre</subfield>
  </datafield>
  <datafield tag="102" ind1=" " ind2=" ">
    <subfield code="a">FR</subfield>
  </datafield>
  <datafield tag="106" ind1=" " ind2=" ">
    <subfield code="a">0</subfield>
    <subfield code="b">1</subfield>
    <subfield code="c">0</subfield>
  </datafield>
  <datafield tag="120" ind1=" " ind2=" ">
    <subfield code="a">ba</subfield>
  </datafield>
  <datafield tag="152" ind1=" " ind2=" ">
    <subfield code="a">AFNOR</subfield>
  </datafield>
  <datafield tag="200" ind1=" " ind2="1">
    <subfield code="7">ba0yba0y</subfield>
    <subfield code="9">0</subfield>
    <subfield code="a">Legrand</subfield>
    <subfield code="b">Michel</subfield>
    <subfield code="f">19..-....</subfield>
    <subfield code="c">biologiste</subfield>
  </datafield>
  <datafield tag="300" ind1=" " ind2=" ">
    <subfield code="7">ba0yba0y</subfield>
    <subfield code="a">Directeur de recherches à l&apos;Institut de Biologie Moléculaire des Plantes (CNRS) - Strasbourg 1, 2001</subfield>
  </datafield>
  <datafield tag="801" ind1=" " ind2="3">
    <subfield code="a">FR</subfield>
    <subfield code="b">Abes</subfield>
    <subfield code="c">20190617</subfield>
    <subfield code="g">AFNOR</subfield>
  </datafield>
  <datafield tag="810" ind1=" " ind2=" ">
    <subfield code="a">Mécanismes de défense des plantes contre les agents pathogènes : caractérisation de lipide acyle hydrolases induites lors de la réaction d&apos;hypersensibilité - relation avec les signaux de défense de type oxylipines / Sandrine Dhondt, sous la dir. de Michel Legrand, 2001 [thèse]</subfield>
  </datafield>
  <datafield tag="900" ind1=" " ind2=" ">
    <subfield code="a">Legrand, Michel (19..-.... ; biologiste)</subfield>
  </datafield>
</record>