


<record>
  <leader>     cx  a22     3  45  </leader>
  <controlfield tag="001">071036032</controlfield>
  <controlfield tag="003">http://www.idref.fr/071036032</controlfield>
  <controlfield tag="004">20030513</controlfield>
  <controlfield tag="005">20160909191239.000</controlfield>
  <controlfield tag="006">751052102</controlfield>
  <controlfield tag="007">9999</controlfield>
  <controlfield tag="008">Tp5</controlfield>
  <datafield tag="010" ind1=" " ind2=" ">
    <subfield code="a">0000000108854690</subfield>
    <subfield code="2">BNF</subfield>
    <subfield code="d">20150918</subfield>
  </datafield>
  <datafield tag="033" ind1=" " ind2=" ">
    <subfield code="a">http://catalogue.bnf.fr/ark:/12148/cb139009776</subfield>
    <subfield code="2">BNF</subfield>
    <subfield code="d">20150918</subfield>
  </datafield>
  <datafield tag="035" ind1=" " ind2=" ">
    <subfield code="a">081223218</subfield>
    <subfield code="9">sudoc</subfield>
  </datafield>
  <datafield tag="035" ind1=" " ind2=" ">
    <subfield code="a">FRBNF139009776</subfield>
    <subfield code="z">FRBNF13900977</subfield>
  </datafield>
  <datafield tag="100" ind1=" " ind2=" ">
    <subfield code="a">20030513afrey50      ba0</subfield>
  </datafield>
  <datafield tag="101" ind1=" " ind2=" ">
    <subfield code="a">ger</subfield>
  </datafield>
  <datafield tag="102" ind1=" " ind2=" ">
    <subfield code="a">DE</subfield>
  </datafield>
  <datafield tag="103" ind1=" " ind2=" ">
    <subfield code="a"> 19230316 </subfield>
    <subfield code="b"> 20040929 </subfield>
  </datafield>
  <datafield tag="106" ind1=" " ind2=" ">
    <subfield code="a">0</subfield>
    <subfield code="b">1</subfield>
    <subfield code="c">0</subfield>
  </datafield>
  <datafield tag="120" ind1=" " ind2=" ">
    <subfield code="a">ba</subfield>
  </datafield>
  <datafield tag="152" ind1=" " ind2=" ">
    <subfield code="a">AFNOR</subfield>
  </datafield>
  <datafield tag="200" ind1=" " ind2="1">
    <subfield code="7">ba0yba0y</subfield>
    <subfield code="9">0</subfield>
    <subfield code="a">Wallberg</subfield>
    <subfield code="b">Heinz</subfield>
    <subfield code="f">1923-2004</subfield>
  </datafield>
  <datafield tag="340" ind1=" " ind2=" ">
    <subfield code="7">ba0yba0y</subfield>
    <subfield code="a">Chef d&apos;orchestre allemand. A débuté comme instrumentiste (violon et trompette solo)</subfield>
  </datafield>
  <datafield tag="510" ind1="0" ind2=" ">
    <subfield code="0">1975-1982</subfield>
    <subfield code="3">080880878</subfield>
    <subfield code="7">ba0yba0y</subfield>
    <subfield code="a">Bayerischer Rundfunk</subfield>
    <subfield code="b">Orchester</subfield>
  </datafield>
  <datafield tag="801" ind1=" " ind2="3">
    <subfield code="a">FR</subfield>
    <subfield code="b">Abes</subfield>
    <subfield code="c">20160909</subfield>
    <subfield code="g">AFNOR</subfield>
    <subfield code="h">081223218</subfield>
  </datafield>
  <datafield tag="810" ind1=" " ind2=" ">
    <subfield code="a">Internet, www.blogofdeath.com,  2004-09-22</subfield>
    <subfield code="b">décès 2004 : Heinz Wallberg, conductor: born Herringen, Germany 16 March 1923; married 1952 Maritta Ruthmann (died 1967; one daughter), 1968 Murielle Nouget (one son); died Essen, Germany 29 September 2004.</subfield>
  </datafield>
  <datafield tag="900" ind1=" " ind2=" ">
    <subfield code="a">Wallberg, Heinz (1923-2004)</subfield>
  </datafield>
</record>