


<record>
  <leader>     cx  a22     3  45  </leader>
  <controlfield tag="001">072398477</controlfield>
  <controlfield tag="003">http://www.idref.fr/072398477</controlfield>
  <controlfield tag="004">20030620</controlfield>
  <controlfield tag="005">20100224175427.000</controlfield>
  <controlfield tag="006">751052105</controlfield>
  <controlfield tag="007">751165101</controlfield>
  <controlfield tag="008">Tp5</controlfield>
  <datafield tag="100" ind1=" " ind2=" ">
    <subfield code="a">20030620afrey50      ba0</subfield>
  </datafield>
  <datafield tag="101" ind1=" " ind2=" ">
    <subfield code="a">fre</subfield>
  </datafield>
  <datafield tag="102" ind1=" " ind2=" ">
    <subfield code="a">FR</subfield>
  </datafield>
  <datafield tag="103" ind1=" " ind2=" ">
    <subfield code="a"> 1791     </subfield>
    <subfield code="b"> 1854     </subfield>
  </datafield>
  <datafield tag="106" ind1=" " ind2=" ">
    <subfield code="a">0</subfield>
    <subfield code="b">1</subfield>
    <subfield code="c">0</subfield>
  </datafield>
  <datafield tag="120" ind1=" " ind2=" ">
    <subfield code="a">ba</subfield>
  </datafield>
  <datafield tag="152" ind1=" " ind2=" ">
    <subfield code="a">AFNOR</subfield>
  </datafield>
  <datafield tag="200" ind1=" " ind2="1">
    <subfield code="7">ba0yba0y</subfield>
    <subfield code="9">0</subfield>
    <subfield code="a">Lepoitevin de L&apos;Égreville</subfield>
    <subfield code="b">Auguste</subfield>
    <subfield code="f">1791-1854</subfield>
  </datafield>
  <datafield tag="340" ind1=" " ind2=" ">
    <subfield code="7">ba0yba0y</subfield>
    <subfield code="a">Journaliste et homme de lettres. Écrivit des romans en collaboration avec Balzac, des pièces historiques et des vaudevilles avec Étienne Arago. - Fonda &quot;Le Figaro&quot;, &quot;Le Corsaire-Satan&quot; et &quot;La Liberté&quot;. Publia des romans sous le pseudonyme A. de Viellerglé, des pièces sous les noms de Prosper et de Saint-Alme. Écrivit aussi sous le pseudonyme collectif Aurore Cloteaux qu&apos;il partagea avec Honoré de Balzac</subfield>
  </datafield>
  <datafield tag="400" ind1=" " ind2="1">
    <subfield code="7">ba0yba0y</subfield>
    <subfield code="9">#</subfield>
    <subfield code="a">L&apos;Égreville</subfield>
    <subfield code="b">Auguste Lepoitevin de</subfield>
  </datafield>
  <datafield tag="400" ind1=" " ind2="1">
    <subfield code="7">ba0yba0y</subfield>
    <subfield code="9">#</subfield>
    <subfield code="a">Le Poitevin</subfield>
    <subfield code="b">Auguste</subfield>
  </datafield>
  <datafield tag="400" ind1=" " ind2="1">
    <subfield code="7">ba0yba0y</subfield>
    <subfield code="9">#</subfield>
    <subfield code="a">Le Poitevin</subfield>
    <subfield code="b">Prosper</subfield>
  </datafield>
  <datafield tag="400" ind1=" " ind2="1">
    <subfield code="7">ba0yba0y</subfield>
    <subfield code="9">#</subfield>
    <subfield code="a">Le Poitevin de L&apos;Égreville</subfield>
    <subfield code="b">Auguste</subfield>
  </datafield>
  <datafield tag="400" ind1=" " ind2="1">
    <subfield code="7">ba0yba0y</subfield>
    <subfield code="9">#</subfield>
    <subfield code="a">Le Poitevin de Légreville</subfield>
    <subfield code="b">Auguste</subfield>
  </datafield>
  <datafield tag="400" ind1=" " ind2="1">
    <subfield code="7">ba0yba0y</subfield>
    <subfield code="9">#</subfield>
    <subfield code="a">Le Poitevin de Légreville Saint-Alme</subfield>
    <subfield code="b">Auguste</subfield>
  </datafield>
  <datafield tag="400" ind1=" " ind2="1">
    <subfield code="7">ba0yba0y</subfield>
    <subfield code="9">#</subfield>
    <subfield code="a">Le Poitevin-Saint-Alme</subfield>
    <subfield code="b">Auguste</subfield>
  </datafield>
  <datafield tag="400" ind1=" " ind2="1">
    <subfield code="7">ba0yba0y</subfield>
    <subfield code="9">#</subfield>
    <subfield code="a">Légreville</subfield>
    <subfield code="b">Auguste Le Poitevin de</subfield>
  </datafield>
  <datafield tag="400" ind1=" " ind2="1">
    <subfield code="7">ba0yba0y</subfield>
    <subfield code="9">#</subfield>
    <subfield code="a">Lepoitevin</subfield>
    <subfield code="b">Auguste</subfield>
  </datafield>
  <datafield tag="400" ind1=" " ind2="1">
    <subfield code="7">ba0yba0y</subfield>
    <subfield code="9">#</subfield>
    <subfield code="a">Lepoitevin</subfield>
    <subfield code="b">Prosper</subfield>
  </datafield>
  <datafield tag="400" ind1=" " ind2="1">
    <subfield code="7">ba0yba0y</subfield>
    <subfield code="9">#</subfield>
    <subfield code="a">Lepoitevin de Saint-Alme</subfield>
    <subfield code="b">Auguste</subfield>
  </datafield>
  <datafield tag="400" ind1=" " ind2="1">
    <subfield code="7">ba0yba0y</subfield>
    <subfield code="9">#</subfield>
    <subfield code="a">Lepoitevin Saint-Alme</subfield>
    <subfield code="b">Auguste</subfield>
  </datafield>
  <datafield tag="400" ind1=" " ind2="0">
    <subfield code="5">e|xxx</subfield>
    <subfield code="7">ba0yba0y</subfield>
    <subfield code="9">#</subfield>
    <subfield code="a">Porsper</subfield>
  </datafield>
  <datafield tag="400" ind1=" " ind2="0">
    <subfield code="5">e|xxx</subfield>
    <subfield code="7">ba0yba0y</subfield>
    <subfield code="9">#</subfield>
    <subfield code="a">Prosper</subfield>
  </datafield>
  <datafield tag="400" ind1=" " ind2="0">
    <subfield code="5">e|xxx</subfield>
    <subfield code="7">ba0yba0y</subfield>
    <subfield code="9">#</subfield>
    <subfield code="a">Saint-Alme</subfield>
  </datafield>
  <datafield tag="400" ind1=" " ind2="1">
    <subfield code="5">e|xxx</subfield>
    <subfield code="7">ba0yba0y</subfield>
    <subfield code="9">#</subfield>
    <subfield code="a">Saint-Alme</subfield>
    <subfield code="b">A. de Viellerglé-</subfield>
  </datafield>
  <datafield tag="400" ind1=" " ind2="1">
    <subfield code="7">ba0yba0y</subfield>
    <subfield code="9">#</subfield>
    <subfield code="a">Saint-Alme</subfield>
    <subfield code="b">Auguste Lepoitevin de</subfield>
  </datafield>
  <datafield tag="400" ind1=" " ind2="1">
    <subfield code="5">e|xxx</subfield>
    <subfield code="7">ba0yba0y</subfield>
    <subfield code="9">#</subfield>
    <subfield code="a">Viellerglé</subfield>
    <subfield code="b">A. de</subfield>
  </datafield>
  <datafield tag="400" ind1=" " ind2="1">
    <subfield code="5">e|xxx</subfield>
    <subfield code="7">ba0yba0y</subfield>
    <subfield code="9">#</subfield>
    <subfield code="a">Viellerglé A. de Saint-Alme</subfield>
  </datafield>
  <datafield tag="400" ind1=" " ind2="1">
    <subfield code="5">e|xxx</subfield>
    <subfield code="7">ba0yba0y</subfield>
    <subfield code="9">#</subfield>
    <subfield code="a">Viellerglé-Saint-Alme</subfield>
    <subfield code="b">A. de</subfield>
  </datafield>
  <datafield tag="500" ind1=" " ind2="1">
    <subfield code="0">Utilise</subfield>
    <subfield code="3">140809228</subfield>
    <subfield code="5">l|xxx</subfield>
    <subfield code="7">ba0yba0y</subfield>
    <subfield code="a">Cloteaux</subfield>
    <subfield code="b">Aurore</subfield>
  </datafield>
  <datafield tag="801" ind1=" " ind2="3">
    <subfield code="a">FR</subfield>
    <subfield code="b">Abes</subfield>
    <subfield code="c">20100224</subfield>
    <subfield code="g">AFNOR</subfield>
  </datafield>
  <datafield tag="810" ind1=" " ind2=" ">
    <subfield code="a">BN Cat. gén</subfield>
  </datafield>
  <datafield tag="810" ind1=" " ind2=" ">
    <subfield code="a">Internet, http://catalogue.bnf.fr/, 2010-02-23</subfield>
    <subfield code="b">date biogr.</subfield>
  </datafield>
  <datafield tag="815" ind1=" " ind2=" ">
    <subfield code="a">Index biographique français</subfield>
  </datafield>
  <datafield tag="900" ind1=" " ind2=" ">
    <subfield code="a">Lepoitevin de L&apos;Égreville, Auguste (1791-1854)</subfield>
  </datafield>
  <datafield tag="901" ind1=" " ind2=" ">
    <subfield code="a">L&apos;Égreville, Auguste Lepoitevin de</subfield>
  </datafield>
  <datafield tag="901" ind1=" " ind2=" ">
    <subfield code="a">Le Poitevin, Auguste</subfield>
  </datafield>
  <datafield tag="901" ind1=" " ind2=" ">
    <subfield code="a">Le Poitevin, Prosper</subfield>
  </datafield>
  <datafield tag="901" ind1=" " ind2=" ">
    <subfield code="a">Le Poitevin de L&apos;Égreville, Auguste</subfield>
  </datafield>
  <datafield tag="901" ind1=" " ind2=" ">
    <subfield code="a">Le Poitevin de Légreville, Auguste</subfield>
  </datafield>
  <datafield tag="901" ind1=" " ind2=" ">
    <subfield code="a">Le Poitevin de Légreville Saint-Alme, Auguste</subfield>
  </datafield>
  <datafield tag="901" ind1=" " ind2=" ">
    <subfield code="a">Le Poitevin-Saint-Alme, Auguste</subfield>
  </datafield>
  <datafield tag="901" ind1=" " ind2=" ">
    <subfield code="a">Légreville, Auguste Le Poitevin de</subfield>
  </datafield>
  <datafield tag="901" ind1=" " ind2=" ">
    <subfield code="a">Lepoitevin, Auguste</subfield>
  </datafield>
  <datafield tag="901" ind1=" " ind2=" ">
    <subfield code="a">Lepoitevin, Prosper</subfield>
  </datafield>
  <datafield tag="901" ind1=" " ind2=" ">
    <subfield code="a">Lepoitevin de Saint-Alme, Auguste</subfield>
  </datafield>
  <datafield tag="901" ind1=" " ind2=" ">
    <subfield code="a">Lepoitevin Saint-Alme, Auguste</subfield>
  </datafield>
  <datafield tag="901" ind1=" " ind2=" ">
    <subfield code="a">Porsper</subfield>
  </datafield>
  <datafield tag="901" ind1=" " ind2=" ">
    <subfield code="a">Prosper</subfield>
  </datafield>
  <datafield tag="901" ind1=" " ind2=" ">
    <subfield code="a">Saint-Alme</subfield>
  </datafield>
  <datafield tag="901" ind1=" " ind2=" ">
    <subfield code="a">Saint-Alme, A. de Viellerglé-</subfield>
  </datafield>
  <datafield tag="901" ind1=" " ind2=" ">
    <subfield code="a">Saint-Alme, Auguste Lepoitevin de</subfield>
  </datafield>
  <datafield tag="901" ind1=" " ind2=" ">
    <subfield code="a">Viellerglé, A. de</subfield>
  </datafield>
  <datafield tag="901" ind1=" " ind2=" ">
    <subfield code="a">Viellerglé A. de Saint-Alme</subfield>
  </datafield>
  <datafield tag="901" ind1=" " ind2=" ">
    <subfield code="a">Viellerglé-Saint-Alme, A. de</subfield>
  </datafield>
</record>