


<record>
  <leader>     cx  a22     3  45  </leader>
  <controlfield tag="001">073913073</controlfield>
  <controlfield tag="003">http://www.idref.fr/073913073</controlfield>
  <controlfield tag="004">20030827</controlfield>
  <controlfield tag="005">20150512122315.000</controlfield>
  <controlfield tag="006">800212104</controlfield>
  <controlfield tag="007">751050013</controlfield>
  <controlfield tag="008">Tp5</controlfield>
  <datafield tag="035" ind1=" " ind2=" ">
    <subfield code="a">frBN004114574</subfield>
  </datafield>
  <datafield tag="035" ind1=" " ind2=" ">
    <subfield code="a">FRBNF120836484</subfield>
    <subfield code="z">FRBNF12083648</subfield>
  </datafield>
  <datafield tag="100" ind1=" " ind2=" ">
    <subfield code="a">20030827afrey50      ba0</subfield>
  </datafield>
  <datafield tag="101" ind1=" " ind2=" ">
    <subfield code="a">rus</subfield>
  </datafield>
  <datafield tag="102" ind1=" " ind2=" ">
    <subfield code="a">SU</subfield>
  </datafield>
  <datafield tag="103" ind1=" " ind2=" ">
    <subfield code="a"> 1904     </subfield>
    <subfield code="b"> 1987     </subfield>
  </datafield>
  <datafield tag="106" ind1=" " ind2=" ">
    <subfield code="a">0</subfield>
    <subfield code="b">1</subfield>
    <subfield code="c">0</subfield>
  </datafield>
  <datafield tag="120" ind1=" " ind2=" ">
    <subfield code="a">ba</subfield>
  </datafield>
  <datafield tag="152" ind1=" " ind2=" ">
    <subfield code="a">AFNOR</subfield>
  </datafield>
  <datafield tag="200" ind1=" " ind2="1">
    <subfield code="6">a01</subfield>
    <subfield code="7">ba0yca0y</subfield>
    <subfield code="9">0</subfield>
    <subfield code="a">Кабалевский</subfield>
    <subfield code="b">Дмитрий Борисович</subfield>
    <subfield code="f">1904-1987</subfield>
  </datafield>
  <datafield tag="200" ind1=" " ind2="1">
    <subfield code="6">a01</subfield>
    <subfield code="7">ba0yba0y</subfield>
    <subfield code="9">0</subfield>
    <subfield code="a">Kabalevsky</subfield>
    <subfield code="b">Dmitri Borissovitch</subfield>
    <subfield code="f">1904-1987</subfield>
  </datafield>
  <datafield tag="300" ind1="0" ind2=" ">
    <subfield code="7">ba0yba0y</subfield>
    <subfield code="a">Compositeur russe</subfield>
  </datafield>
  <datafield tag="400" ind1=" " ind2="1">
    <subfield code="7">ba0yba0y</subfield>
    <subfield code="a">Kabalevskij</subfield>
    <subfield code="b">Dmitrij</subfield>
  </datafield>
  <datafield tag="400" ind1=" " ind2="1">
    <subfield code="7">ba0yba0y</subfield>
    <subfield code="a">Kabalevski</subfield>
    <subfield code="b">Dmitri</subfield>
  </datafield>
  <datafield tag="400" ind1=" " ind2="1">
    <subfield code="7">ba0yba0y</subfield>
    <subfield code="a">Kabalevski</subfield>
    <subfield code="b">Dmitri Borisovitch</subfield>
  </datafield>
  <datafield tag="400" ind1=" " ind2="1">
    <subfield code="7">ba0yba0y</subfield>
    <subfield code="a">Kabalevski</subfield>
    <subfield code="b">Dmitri Borissovitch</subfield>
  </datafield>
  <datafield tag="400" ind1=" " ind2="1">
    <subfield code="7">ba0yba0y</subfield>
    <subfield code="a">Kabalevski</subfield>
    <subfield code="b">Dimitri</subfield>
  </datafield>
  <datafield tag="400" ind1=" " ind2="1">
    <subfield code="7">ba0yba0y</subfield>
    <subfield code="a">Kabalevski</subfield>
    <subfield code="b">Dimitri Borisovitch</subfield>
  </datafield>
  <datafield tag="400" ind1=" " ind2="1">
    <subfield code="7">ba0yba0y</subfield>
    <subfield code="a">Kabalevskiĭ</subfield>
    <subfield code="b">Dmitriĭ</subfield>
  </datafield>
  <datafield tag="400" ind1=" " ind2="1">
    <subfield code="7">ba0yba0y</subfield>
    <subfield code="a">Kabalevsky</subfield>
    <subfield code="b">Dmitry</subfield>
  </datafield>
  <datafield tag="400" ind1=" " ind2="1">
    <subfield code="7">ba0yba0y</subfield>
    <subfield code="a">Kabalevsky</subfield>
    <subfield code="b">Dmitry Borisovich</subfield>
  </datafield>
  <datafield tag="400" ind1=" " ind2="1">
    <subfield code="7">ba0yba0y</subfield>
    <subfield code="a">Kabalevsky</subfield>
    <subfield code="b">Dmitri Borissovitch</subfield>
  </datafield>
  <datafield tag="400" ind1=" " ind2="1">
    <subfield code="7">ba0yba0y</subfield>
    <subfield code="a">Kabalewski</subfield>
    <subfield code="b">Dmitri</subfield>
  </datafield>
  <datafield tag="400" ind1=" " ind2="1">
    <subfield code="7">ba0yba0y</subfield>
    <subfield code="a">Kabalewsky</subfield>
    <subfield code="b">Dmitri</subfield>
  </datafield>
  <datafield tag="801" ind1=" " ind2="3">
    <subfield code="a">FR</subfield>
    <subfield code="b">Abes</subfield>
    <subfield code="c">20150512</subfield>
    <subfield code="g">AFNOR</subfield>
  </datafield>
  <datafield tag="810" ind1=" " ind2=" ">
    <subfield code="a">Un compositeur parle de l&apos;éducation musicale / Bureau international d&apos;éducation, 1987</subfield>
  </datafield>
  <datafield tag="810" ind1=" " ind2=" ">
    <subfield code="a">Internet, http://home.wanadoo.nl/ovar/kabaopus.htm, 27-08-2003</subfield>
  </datafield>
  <datafield tag="900" ind1=" " ind2=" ">
    <subfield code="6">01</subfield>
    <subfield code="7">ba</subfield>
    <subfield code="a">Kabalevsky, Dmitri Borissovitch (1904-1987)</subfield>
  </datafield>
  <datafield tag="900" ind1=" " ind2=" ">
    <subfield code="6">01</subfield>
    <subfield code="7">ca</subfield>
    <subfield code="a">Кабалевский, Дмитрий Борисович (1904-1987)</subfield>
  </datafield>
  <datafield tag="901" ind1=" " ind2=" ">
    <subfield code="a">Kabalevskij, Dmitrij</subfield>
  </datafield>
  <datafield tag="901" ind1=" " ind2=" ">
    <subfield code="a">Kabalevski, Dmitri</subfield>
  </datafield>
  <datafield tag="901" ind1=" " ind2=" ">
    <subfield code="a">Kabalevski, Dmitri Borisovitch</subfield>
  </datafield>
  <datafield tag="901" ind1=" " ind2=" ">
    <subfield code="a">Kabalevski, Dmitri Borissovitch</subfield>
  </datafield>
  <datafield tag="901" ind1=" " ind2=" ">
    <subfield code="a">Kabalevski, Dimitri</subfield>
  </datafield>
  <datafield tag="901" ind1=" " ind2=" ">
    <subfield code="a">Kabalevski, Dimitri Borisovitch</subfield>
  </datafield>
  <datafield tag="901" ind1=" " ind2=" ">
    <subfield code="a">Kabalevskiĭ, Dmitriĭ</subfield>
  </datafield>
  <datafield tag="901" ind1=" " ind2=" ">
    <subfield code="a">Kabalevsky, Dmitry</subfield>
  </datafield>
  <datafield tag="901" ind1=" " ind2=" ">
    <subfield code="a">Kabalevsky, Dmitry Borisovich</subfield>
  </datafield>
  <datafield tag="901" ind1=" " ind2=" ">
    <subfield code="a">Kabalevsky, Dmitri Borissovitch</subfield>
  </datafield>
  <datafield tag="901" ind1=" " ind2=" ">
    <subfield code="a">Kabalewski, Dmitri</subfield>
  </datafield>
  <datafield tag="901" ind1=" " ind2=" ">
    <subfield code="a">Kabalewsky, Dmitri</subfield>
  </datafield>
</record>