


<record>
  <leader>     cx  a22     3  45  </leader>
  <controlfield tag="001">078194318</controlfield>
  <controlfield tag="003">http://www.idref.fr/078194318</controlfield>
  <controlfield tag="004">20040519</controlfield>
  <controlfield tag="005">20181022142312.000</controlfield>
  <controlfield tag="006">751132304</controlfield>
  <controlfield tag="007">751132304</controlfield>
  <controlfield tag="008">Tp5</controlfield>
  <datafield tag="100" ind1=" " ind2=" ">
    <subfield code="a">20040519afrey50      ba0</subfield>
  </datafield>
  <datafield tag="102" ind1=" " ind2=" ">
    <subfield code="a">ML</subfield>
  </datafield>
  <datafield tag="103" ind1=" " ind2=" ">
    <subfield code="a"> 1965     </subfield>
  </datafield>
  <datafield tag="106" ind1=" " ind2=" ">
    <subfield code="a">1</subfield>
    <subfield code="b">1</subfield>
    <subfield code="c">0</subfield>
  </datafield>
  <datafield tag="120" ind1=" " ind2=" ">
    <subfield code="a">ba</subfield>
  </datafield>
  <datafield tag="152" ind1=" " ind2=" ">
    <subfield code="a">AFNOR</subfield>
  </datafield>
  <datafield tag="200" ind1=" " ind2="1">
    <subfield code="7">ba0yba0y</subfield>
    <subfield code="9">0</subfield>
    <subfield code="a">Diabate</subfield>
    <subfield code="b">Toumani</subfield>
    <subfield code="f">1965-...</subfield>
  </datafield>
  <datafield tag="300" ind1=" " ind2=" ">
    <subfield code="7">ba0yba0y</subfield>
    <subfield code="a">Joueur de Kora, accompagnateur de la griotte Kandia Kouyate</subfield>
  </datafield>
  <datafield tag="801" ind1=" " ind2="3">
    <subfield code="a">FR</subfield>
    <subfield code="b">Abes</subfield>
    <subfield code="c">20181022</subfield>
    <subfield code="g">AFNOR</subfield>
  </datafield>
  <datafield tag="810" ind1=" " ind2=" ">
    <subfield code="a">Kaira / Toumani Diabate, Hannibal 1338</subfield>
  </datafield>
  <datafield tag="900" ind1=" " ind2=" ">
    <subfield code="a">Diabate, Toumani (1965-...)</subfield>
  </datafield>
</record>