


<record>
  <leader>     cx  a22     3  45  </leader>
  <controlfield tag="001">078532183</controlfield>
  <controlfield tag="003">http://www.idref.fr/078532183</controlfield>
  <controlfield tag="004">19890601</controlfield>
  <controlfield tag="005">20190222110221.000</controlfield>
  <controlfield tag="006">0004</controlfield>
  <controlfield tag="007">315552218</controlfield>
  <controlfield tag="008">Tp5</controlfield>
  <datafield tag="010" ind1=" " ind2=" ">
    <subfield code="a">0000000121285074</subfield>
    <subfield code="2">BNF</subfield>
    <subfield code="d">20150918</subfield>
  </datafield>
  <datafield tag="033" ind1=" " ind2=" ">
    <subfield code="a">http://catalogue.bnf.fr/ark:/12148/cb13892744v</subfield>
    <subfield code="2">BNF</subfield>
    <subfield code="d">20150918</subfield>
  </datafield>
  <datafield tag="035" ind1=" " ind2=" ">
    <subfield code="a">FRBNF138927443</subfield>
    <subfield code="z">FRBNF13892744</subfield>
  </datafield>
  <datafield tag="100" ind1=" " ind2=" ">
    <subfield code="a">19890601afrey50      ba0</subfield>
  </datafield>
  <datafield tag="101" ind1=" " ind2=" ">
    <subfield code="a">eng</subfield>
  </datafield>
  <datafield tag="102" ind1=" " ind2=" ">
    <subfield code="a">US</subfield>
  </datafield>
  <datafield tag="103" ind1=" " ind2=" ">
    <subfield code="a"> 19410612 </subfield>
  </datafield>
  <datafield tag="106" ind1=" " ind2=" ">
    <subfield code="a">1</subfield>
    <subfield code="b">#</subfield>
  </datafield>
  <datafield tag="120" ind1=" " ind2=" ">
    <subfield code="a">ba</subfield>
  </datafield>
  <datafield tag="152" ind1=" " ind2=" ">
    <subfield code="a">AFNOR</subfield>
  </datafield>
  <datafield tag="200" ind1=" " ind2="1">
    <subfield code="7">ba0yba0y</subfield>
    <subfield code="5">e|xxx</subfield>
    <subfield code="9">1</subfield>
    <subfield code="a">Corea</subfield>
    <subfield code="b">Chick</subfield>
    <subfield code="f">1941-....</subfield>
  </datafield>
  <datafield tag="300" ind1=" " ind2=" ">
    <subfield code="7">ba0yba0y</subfield>
    <subfield code="a">Pianiste de jazz et jazz-rock</subfield>
  </datafield>
  <datafield tag="340" ind1=" " ind2=" ">
    <subfield code="7">ba0yba0y</subfield>
    <subfield code="a">Lieu de naissance Chelsea, Mass</subfield>
  </datafield>
  <datafield tag="400" ind1=" " ind2="1">
    <subfield code="5">e|xxx</subfield>
    <subfield code="7">ba0yba0y</subfield>
    <subfield code="9">#</subfield>
    <subfield code="a">Corea</subfield>
    <subfield code="b">Chuck</subfield>
    <subfield code="f">1941-....</subfield>
  </datafield>
  <datafield tag="400" ind1=" " ind2="1">
    <subfield code="5">f|xxx</subfield>
    <subfield code="7">ba0yba0y</subfield>
    <subfield code="9">#</subfield>
    <subfield code="a">Corea</subfield>
    <subfield code="b">Armando Anthony</subfield>
  </datafield>
  <datafield tag="510" ind1="0" ind2="2">
    <subfield code="3">080491863</subfield>
    <subfield code="5">x|xmx</subfield>
    <subfield code="7">ba0yba0y</subfield>
    <subfield code="a">Circle</subfield>
  </datafield>
  <datafield tag="510" ind1="0" ind2="2">
    <subfield code="3">080493165</subfield>
    <subfield code="5">x|xmx</subfield>
    <subfield code="7">ba0yba0y</subfield>
    <subfield code="a">Return to forever</subfield>
  </datafield>
  <datafield tag="510" ind1="0" ind2="2">
    <subfield code="3">080493556</subfield>
    <subfield code="5">x|xmx</subfield>
    <subfield code="7">ba0yba0y</subfield>
    <subfield code="a">Chick Corea Elektric Band</subfield>
  </datafield>
  <datafield tag="510" ind1="0" ind2="2">
    <subfield code="3">078618746</subfield>
    <subfield code="5">x|xmx</subfield>
    <subfield code="7">ba0yba0y</subfield>
    <subfield code="a">Chick Corea Elektric Band II</subfield>
  </datafield>
  <datafield tag="801" ind1=" " ind2="0">
    <subfield code="a">FR</subfield>
    <subfield code="b">BnF</subfield>
    <subfield code="c">20040423</subfield>
  </datafield>
  <datafield tag="801" ind1=" " ind2="3">
    <subfield code="a">FR</subfield>
    <subfield code="b">Abes</subfield>
    <subfield code="c">20190222</subfield>
    <subfield code="g">AFNOR</subfield>
  </datafield>
  <datafield tag="810" ind1=" " ind2=" ">
    <subfield code="a">Dictionnaire du jazz / Philippe Carles, André Clergeat, Jean-Louis Comoli, 1991</subfield>
  </datafield>
  <datafield tag="810" ind1=" " ind2=" ">
    <subfield code="a">LC authorities - http://authorities.loc.gov (2004-04-23)</subfield>
  </datafield>
  <datafield tag="900" ind1=" " ind2=" ">
    <subfield code="a">Corea, Chick (1941-....)</subfield>
  </datafield>
  <datafield tag="901" ind1=" " ind2=" ">
    <subfield code="a">Corea, Chuck (1941-....)</subfield>
  </datafield>
  <datafield tag="901" ind1=" " ind2=" ">
    <subfield code="a">Corea, Armando Anthony</subfield>
  </datafield>
</record>