


<record>
  <leader>     cx  a22     3  45  </leader>
  <controlfield tag="001">080007090</controlfield>
  <controlfield tag="003">http://www.idref.fr/080007090</controlfield>
  <controlfield tag="004">20040829</controlfield>
  <controlfield tag="005">20151003051411.000</controlfield>
  <controlfield tag="006">1999</controlfield>
  <controlfield tag="007">4994</controlfield>
  <controlfield tag="008">Tp5</controlfield>
  <datafield tag="010" ind1=" " ind2=" ">
    <subfield code="a">0000000081306933</subfield>
    <subfield code="2">BNF</subfield>
    <subfield code="d">20150918</subfield>
  </datafield>
  <datafield tag="033" ind1=" " ind2=" ">
    <subfield code="a">http://catalogue.bnf.fr/ark:/12148/cb13893697d</subfield>
    <subfield code="2">BNF</subfield>
    <subfield code="d">20150918</subfield>
  </datafield>
  <datafield tag="035" ind1=" " ind2=" ">
    <subfield code="a">080539181</subfield>
    <subfield code="9">sudoc</subfield>
  </datafield>
  <datafield tag="035" ind1=" " ind2=" ">
    <subfield code="a">FRBNF119393522</subfield>
    <subfield code="z">FRBNF11939352</subfield>
  </datafield>
  <datafield tag="035" ind1=" " ind2=" ">
    <subfield code="a">frBN001620470</subfield>
  </datafield>
  <datafield tag="035" ind1=" " ind2=" ">
    <subfield code="a">FRBNF138936976</subfield>
    <subfield code="z">FRBNF13893697</subfield>
  </datafield>
  <datafield tag="100" ind1=" " ind2=" ">
    <subfield code="a">20040829afrey50      ba0</subfield>
  </datafield>
  <datafield tag="101" ind1=" " ind2=" ">
    <subfield code="a">hun</subfield>
  </datafield>
  <datafield tag="102" ind1=" " ind2=" ">
    <subfield code="a">HU</subfield>
  </datafield>
  <datafield tag="103" ind1=" " ind2=" ">
    <subfield code="a"> 18101102 </subfield>
    <subfield code="b"> 18930610 </subfield>
  </datafield>
  <datafield tag="106" ind1=" " ind2=" ">
    <subfield code="a">0</subfield>
    <subfield code="b">1</subfield>
    <subfield code="c">0</subfield>
  </datafield>
  <datafield tag="120" ind1=" " ind2=" ">
    <subfield code="a">ba</subfield>
  </datafield>
  <datafield tag="152" ind1=" " ind2=" ">
    <subfield code="a">AFNOR</subfield>
  </datafield>
  <datafield tag="200" ind1=" " ind2="1">
    <subfield code="7">ba0yba0y</subfield>
    <subfield code="8">frehun</subfield>
    <subfield code="9">0</subfield>
    <subfield code="a">Erkel</subfield>
    <subfield code="b">Ferenc</subfield>
    <subfield code="f">1810-1893</subfield>
  </datafield>
  <datafield tag="340" ind1=" " ind2=" ">
    <subfield code="7">ba0yba0y</subfield>
    <subfield code="a">Pianiste, chef d&apos;orchestre et compositeur</subfield>
  </datafield>
  <datafield tag="510" ind1="0" ind2="2">
    <subfield code="0">Dirige</subfield>
    <subfield code="3">080495591</subfield>
    <subfield code="5">z|xxx</subfield>
    <subfield code="7">ba0yba0y</subfield>
    <subfield code="a">Budapesti Filharmóniai Társaság Zenekara</subfield>
  </datafield>
  <datafield tag="801" ind1=" " ind2="3">
    <subfield code="a">FR</subfield>
    <subfield code="b">Abes</subfield>
    <subfield code="c">20151003</subfield>
    <subfield code="g">AFNOR</subfield>
    <subfield code="h">080539181</subfield>
  </datafield>
  <datafield tag="801" ind1=" " ind2="0">
    <subfield code="a">FR</subfield>
    <subfield code="b">BnF</subfield>
    <subfield code="c">19930726</subfield>
  </datafield>
  <datafield tag="810" ind1=" " ind2=" ">
    <subfield code="a">Honegger</subfield>
  </datafield>
  <datafield tag="810" ind1=" " ind2=" ">
    <subfield code="a">Internet, http://opera.stanford.edu/composers/,  25-08-2004</subfield>
    <subfield code="b">Compositeur, Erkel, Elek (2.11.1843 Pest - 10.6.1893 Budapest)</subfield>
  </datafield>
  <datafield tag="810" ind1=" " ind2=" ">
    <subfield code="a">Grove 6</subfield>
  </datafield>
  <datafield tag="900" ind1=" " ind2=" ">
    <subfield code="a">Erkel, Ferenc (1810-1893)</subfield>
  </datafield>
</record>