


<record>
  <leader>     cx  a22     3  45  </leader>
  <controlfield tag="001">080783112</controlfield>
  <controlfield tag="003">http://www.idref.fr/080783112</controlfield>
  <controlfield tag="004">20040830</controlfield>
  <controlfield tag="005">20161123140133.000</controlfield>
  <controlfield tag="006">0004</controlfield>
  <controlfield tag="007">384212103</controlfield>
  <controlfield tag="008">Tp5</controlfield>
  <datafield tag="010" ind1=" " ind2=" ">
    <subfield code="a">0000000109820396</subfield>
    <subfield code="2">BNF</subfield>
    <subfield code="d">20150918</subfield>
  </datafield>
  <datafield tag="033" ind1=" " ind2=" ">
    <subfield code="a">http://catalogue.bnf.fr/ark:/12148/cb145653612</subfield>
    <subfield code="2">BNF</subfield>
    <subfield code="d">20150918</subfield>
  </datafield>
  <datafield tag="035" ind1=" " ind2=" ">
    <subfield code="a">FRBNF145653619</subfield>
    <subfield code="z">FRBNF14565361</subfield>
  </datafield>
  <datafield tag="100" ind1=" " ind2=" ">
    <subfield code="a">20040830afrey50      ba0</subfield>
  </datafield>
  <datafield tag="101" ind1=" " ind2=" ">
    <subfield code="a">eng</subfield>
  </datafield>
  <datafield tag="102" ind1=" " ind2=" ">
    <subfield code="a">GB</subfield>
  </datafield>
  <datafield tag="103" ind1=" " ind2=" ">
    <subfield code="a"> 1959     </subfield>
  </datafield>
  <datafield tag="106" ind1=" " ind2=" ">
    <subfield code="a">0</subfield>
    <subfield code="b">1</subfield>
    <subfield code="c">0</subfield>
  </datafield>
  <datafield tag="120" ind1=" " ind2=" ">
    <subfield code="a">ba</subfield>
  </datafield>
  <datafield tag="152" ind1=" " ind2=" ">
    <subfield code="a">AFNOR</subfield>
  </datafield>
  <datafield tag="200" ind1=" " ind2="1">
    <subfield code="7">ba0yba0y</subfield>
    <subfield code="8">freeng</subfield>
    <subfield code="9">0</subfield>
    <subfield code="a">Tolkien</subfield>
    <subfield code="b">Simon</subfield>
    <subfield code="f">1959-....</subfield>
  </datafield>
  <datafield tag="300" ind1="0" ind2=" ">
    <subfield code="7">ba0yba0y</subfield>
    <subfield code="a">Romancier, avocat</subfield>
  </datafield>
  <datafield tag="500" ind1=" " ind2="1">
    <subfield code="3">02716490X</subfield>
    <subfield code="5">x|xgx</subfield>
    <subfield code="7">ba0yba0y</subfield>
    <subfield code="a">Tolkien</subfield>
    <subfield code="b">Christopher</subfield>
    <subfield code="f">1924-....</subfield>
  </datafield>
  <datafield tag="500" ind1=" " ind2="1">
    <subfield code="5">x|xgx</subfield>
    <subfield code="7">ba0yba0y</subfield>
    <subfield code="a">Faulconbridge</subfield>
    <subfield code="b">Faith</subfield>
    <subfield code="f">1928-....</subfield>
  </datafield>
  <datafield tag="500" ind1=" " ind2="1">
    <subfield code="3">05697616X</subfield>
    <subfield code="5">x|xjx</subfield>
    <subfield code="7">ba0yba0y</subfield>
    <subfield code="a">Tolkien</subfield>
    <subfield code="b">Adam R.</subfield>
    <subfield code="f">1969-....</subfield>
  </datafield>
  <datafield tag="801" ind1=" " ind2="0">
    <subfield code="a">FR</subfield>
    <subfield code="b">BnF</subfield>
    <subfield code="c">20040831</subfield>
  </datafield>
  <datafield tag="801" ind1=" " ind2="3">
    <subfield code="a">FR</subfield>
    <subfield code="b">Abes</subfield>
    <subfield code="c">20161123</subfield>
    <subfield code="g">AFNOR</subfield>
  </datafield>
  <datafield tag="810" ind1=" " ind2=" ">
    <subfield code="a">Le dernier témoin / Simon Tolkien, 2004</subfield>
  </datafield>
  <datafield tag="810" ind1=" " ind2=" ">
    <subfield code="a">Bibliogr., GB (CD), 2004-07</subfield>
  </datafield>
  <datafield tag="900" ind1=" " ind2=" ">
    <subfield code="a">Tolkien, Simon (1959-....)</subfield>
  </datafield>
</record>