


<record>
  <leader>     nx  a22     3  45  </leader>
  <controlfield tag="001">081018134</controlfield>
  <controlfield tag="003">http://www.idref.fr/081018134</controlfield>
  <controlfield tag="004">20041011</controlfield>
  <controlfield tag="005">20041011121209.000</controlfield>
  <controlfield tag="006">1999</controlfield>
  <controlfield tag="007">1999</controlfield>
  <controlfield tag="008">Tp5</controlfield>
  <datafield tag="100" ind1=" " ind2=" ">
    <subfield code="a">20041011afrey50      ba0</subfield>
  </datafield>
  <datafield tag="101" ind1=" " ind2=" ">
    <subfield code="a">fre</subfield>
  </datafield>
  <datafield tag="102" ind1=" " ind2=" ">
    <subfield code="a">FR</subfield>
  </datafield>
  <datafield tag="103" ind1=" " ind2=" ">
    <subfield code="a"> 1957     </subfield>
  </datafield>
  <datafield tag="106" ind1=" " ind2=" ">
    <subfield code="a">0</subfield>
    <subfield code="b">1</subfield>
    <subfield code="c">0</subfield>
  </datafield>
  <datafield tag="152" ind1=" " ind2=" ">
    <subfield code="a">AFNOR</subfield>
  </datafield>
  <datafield tag="200" ind1=" " ind2="1">
    <subfield code="7">ba0yba0y</subfield>
    <subfield code="9">0</subfield>
    <subfield code="a">Adam</subfield>
    <subfield code="b">Serge</subfield>
    <subfield code="f">1957-....</subfield>
  </datafield>
  <datafield tag="340" ind1=" " ind2=" ">
    <subfield code="7">ba0yba0y</subfield>
    <subfield code="a">Musicien</subfield>
  </datafield>
  <datafield tag="801" ind1=" " ind2="3">
    <subfield code="a">FR</subfield>
    <subfield code="b">Abes</subfield>
    <subfield code="c">20041011</subfield>
    <subfield code="g">AFNOR</subfield>
  </datafield>
  <datafield tag="810" ind1=" " ind2=" ">
    <subfield code="a">Internet, 11-10-2004, http://www.gold-music.com/25410/Serge_Adam.html</subfield>
    <subfield code="b">Né en 1957. Après des études de trompette, d&apos;analyse musicale et d&apos;écriture aux Conservatoires de Caen et Versailles, Serge Adam mène une double carrière de compositeur et de trompettiste improvisateur développant un jeu éclectique et ouvert sur les nouvelles musiques. Il crée les ensembles Quoi de Neuf Docteur, Jungle Horns et les Amants de Juliette (avec Benoît Delbecq et Philippe Foch) et compose régulièrement pour le collectif Polysons, le Thuillier Brass Trio et développe des pièces pour harmonie intégrant des programmations de batteries électroniques. Il crée Haute Fréquence en 1999 (concert-rencontres mensuelles en duos à la Maroquinerie à Paris et termine une résidence itinérante de 3 ans sur les 4 départements de la Région Champagne-Ardenne (création de Bucarest pour l&apos;éclipse de soleil du 11 août 1999 donnée sur le parvis de la cathédrale de Reims, création de Trans@rt pour harmonie et ordinateurs, création de Tissus pour le trio des Amants de Juliette et la compagnie de danse de Nacera Belaza). Lauréat de plusieurs concours de composition (La Défense, Besançon), il a bénéficié de quatre commandes d&apos;Etat pour grand orchestre depuis 1991</subfield>
  </datafield>
  <datafield tag="900" ind1=" " ind2=" ">
    <subfield code="a">Adam, Serge (1957-....)</subfield>
  </datafield>
</record>