


<record>
  <leader>     cx  a22     3  45  </leader>
  <controlfield tag="001">081222777</controlfield>
  <controlfield tag="003">http://www.idref.fr/081222777</controlfield>
  <controlfield tag="004">19890601</controlfield>
  <controlfield tag="005">20151003051501.000</controlfield>
  <controlfield tag="006">0004</controlfield>
  <controlfield tag="007">4994</controlfield>
  <controlfield tag="008">Tp5</controlfield>
  <datafield tag="010" ind1=" " ind2=" ">
    <subfield code="a">0000000081856505</subfield>
    <subfield code="2">BNF</subfield>
    <subfield code="d">20150918</subfield>
  </datafield>
  <datafield tag="033" ind1=" " ind2=" ">
    <subfield code="a">http://catalogue.bnf.fr/ark:/12148/cb138950063</subfield>
    <subfield code="2">BNF</subfield>
    <subfield code="d">20150918</subfield>
  </datafield>
  <datafield tag="035" ind1=" " ind2=" ">
    <subfield code="a">FRBNF138950068</subfield>
    <subfield code="z">FRBNF13895006</subfield>
  </datafield>
  <datafield tag="100" ind1=" " ind2=" ">
    <subfield code="a">19890601afrey50      ba0</subfield>
  </datafield>
  <datafield tag="102" ind1=" " ind2=" ">
    <subfield code="a">FR</subfield>
  </datafield>
  <datafield tag="103" ind1=" " ind2=" ">
    <subfield code="a"> 19291218 </subfield>
    <subfield code="b"> 1993     </subfield>
  </datafield>
  <datafield tag="106" ind1=" " ind2=" ">
    <subfield code="a">0</subfield>
    <subfield code="b">1</subfield>
    <subfield code="c">0</subfield>
  </datafield>
  <datafield tag="120" ind1=" " ind2=" ">
    <subfield code="a">ba</subfield>
  </datafield>
  <datafield tag="152" ind1=" " ind2=" ">
    <subfield code="a">AFNOR</subfield>
  </datafield>
  <datafield tag="200" ind1=" " ind2="1">
    <subfield code="7">ba0yba0y</subfield>
    <subfield code="8">frefre</subfield>
    <subfield code="9">0</subfield>
    <subfield code="a">Hartemann</subfield>
    <subfield code="b">Jean-Claude</subfield>
    <subfield code="f">1929-1993.</subfield>
  </datafield>
  <datafield tag="300" ind1="0" ind2=" ">
    <subfield code="7">ba0yba0y</subfield>
    <subfield code="a">Chef d&apos;orchestre. Classique</subfield>
  </datafield>
  <datafield tag="340" ind1=" " ind2=" ">
    <subfield code="7">ba0yba0y</subfield>
    <subfield code="a">Lieu de naissance Vezet</subfield>
  </datafield>
  <datafield tag="400" ind1=" " ind2="1">
    <subfield code="7">ba0yba0y</subfield>
    <subfield code="8">frefre</subfield>
    <subfield code="9">#</subfield>
    <subfield code="a">Harteman</subfield>
    <subfield code="b">Jean-Claude</subfield>
  </datafield>
  <datafield tag="510" ind1="0" ind2=" ">
    <subfield code="0">Dirige</subfield>
    <subfield code="3">080853420</subfield>
    <subfield code="5">z|xxx</subfield>
    <subfield code="7">ba0yba0y</subfield>
    <subfield code="a">Théâtre National de L&apos;Opéra-Comique</subfield>
    <subfield code="c">Paris</subfield>
    <subfield code="b">Orchestre</subfield>
  </datafield>
  <datafield tag="801" ind1=" " ind2="0">
    <subfield code="a">FR</subfield>
    <subfield code="b">BnF</subfield>
    <subfield code="c">20010412</subfield>
  </datafield>
  <datafield tag="801" ind1=" " ind2="3">
    <subfield code="a">FR</subfield>
    <subfield code="b">Abes</subfield>
    <subfield code="c">20151003</subfield>
    <subfield code="g">AFNOR</subfield>
  </datafield>
  <datafield tag="810" ind1=" " ind2=" ">
    <subfield code="a">Dictionnaire des interprètes / Pâris</subfield>
  </datafield>
  <datafield tag="900" ind1=" " ind2=" ">
    <subfield code="a">Hartemann, Jean-Claude (1929-1993.)</subfield>
  </datafield>
  <datafield tag="901" ind1=" " ind2=" ">
    <subfield code="a">Harteman, Jean-Claude</subfield>
  </datafield>
</record>