


<record>
  <leader>     cx  a22     3  45  </leader>
  <controlfield tag="001">085648833</controlfield>
  <controlfield tag="003">http://www.idref.fr/085648833</controlfield>
  <controlfield tag="004">19890601</controlfield>
  <controlfield tag="005">20151003051541.000</controlfield>
  <controlfield tag="006">0004</controlfield>
  <controlfield tag="007">4994</controlfield>
  <controlfield tag="008">Tp5</controlfield>
  <datafield tag="010" ind1=" " ind2=" ">
    <subfield code="a">0000000114542079</subfield>
    <subfield code="2">BNF</subfield>
    <subfield code="d">20150918</subfield>
  </datafield>
  <datafield tag="033" ind1=" " ind2=" ">
    <subfield code="a">http://catalogue.bnf.fr/ark:/12148/cb138961027</subfield>
    <subfield code="2">BNF</subfield>
    <subfield code="d">20150918</subfield>
  </datafield>
  <datafield tag="035" ind1=" " ind2=" ">
    <subfield code="a">05966729X</subfield>
    <subfield code="9">sudoc</subfield>
  </datafield>
  <datafield tag="035" ind1=" " ind2=" ">
    <subfield code="a">FRBNF138961029</subfield>
    <subfield code="z">FRBNF13896102</subfield>
  </datafield>
  <datafield tag="100" ind1=" " ind2=" ">
    <subfield code="a">19890601afrey50      ba0</subfield>
  </datafield>
  <datafield tag="102" ind1=" " ind2=" ">
    <subfield code="a">NL</subfield>
  </datafield>
  <datafield tag="103" ind1=" " ind2=" ">
    <subfield code="a"> 19441002 </subfield>
  </datafield>
  <datafield tag="106" ind1=" " ind2=" ">
    <subfield code="a">0</subfield>
    <subfield code="b">1</subfield>
    <subfield code="c">0</subfield>
  </datafield>
  <datafield tag="120" ind1=" " ind2=" ">
    <subfield code="a">ba</subfield>
  </datafield>
  <datafield tag="152" ind1=" " ind2=" ">
    <subfield code="a">AFNOR</subfield>
  </datafield>
  <datafield tag="200" ind1=" " ind2="1">
    <subfield code="7">ba0yba0y</subfield>
    <subfield code="9">0</subfield>
    <subfield code="a">Koopman</subfield>
    <subfield code="b">Ton</subfield>
    <subfield code="f">1944-....</subfield>
  </datafield>
  <datafield tag="340" ind1=" " ind2=" ">
    <subfield code="7">ba0yba0y</subfield>
    <subfield code="a">Claveciniste, organiste et chef d&apos;orchestre</subfield>
  </datafield>
  <datafield tag="400" ind1=" " ind2="1">
    <subfield code="7">ba0yba0y</subfield>
    <subfield code="9">#</subfield>
    <subfield code="a">Koopmann</subfield>
    <subfield code="b">Ton</subfield>
  </datafield>
  <datafield tag="400" ind1=" " ind2="1">
    <subfield code="7">ba0yba0y</subfield>
    <subfield code="9">#</subfield>
    <subfield code="a">Koopmann</subfield>
    <subfield code="b">T.</subfield>
  </datafield>
  <datafield tag="510" ind1="0" ind2=" ">
    <subfield code="0">Dirige</subfield>
    <subfield code="3">084289368</subfield>
    <subfield code="5">z|xxx</subfield>
    <subfield code="7">ba0yba0y</subfield>
    <subfield code="a">Radio kamerorkest</subfield>
    <subfield code="c">Pays-Bas</subfield>
  </datafield>
  <datafield tag="510" ind1="0" ind2=" ">
    <subfield code="0">Dirige</subfield>
    <subfield code="3">085650218</subfield>
    <subfield code="5">z|xxx</subfield>
    <subfield code="7">ba0yba0y</subfield>
    <subfield code="a">The Amsterdam baroque orchestra and choir</subfield>
  </datafield>
  <datafield tag="801" ind1=" " ind2="3">
    <subfield code="a">FR</subfield>
    <subfield code="b">Abes</subfield>
    <subfield code="c">20151003</subfield>
    <subfield code="g">AFNOR</subfield>
    <subfield code="h">05966729X</subfield>
  </datafield>
  <datafield tag="801" ind1=" " ind2="0">
    <subfield code="a">FR</subfield>
    <subfield code="b">BnF</subfield>
    <subfield code="c">20031125</subfield>
  </datafield>
  <datafield tag="810" ind1=" " ind2=" ">
    <subfield code="a">Internet, http://fr.wikipedia.org/wiki/Ton_Koopman, 2010-12-21</subfield>
    <subfield code="b">Ton Koopman, né à Zwolle le 2 octobre 1944, organiste, claveciniste, chef d&apos;orchestre néerlandais</subfield>
  </datafield>
  <datafield tag="810" ind1=" " ind2=" ">
    <subfield code="a">Concerto pour violon BWV 1042 / J.S. Bach ; M. Huggett, vl. ; A. Bury, vl. ; The Amsterdam Baroque Orchestra, orch. ; T. Koopmann, dir, 1985</subfield>
  </datafield>
  <datafield tag="900" ind1=" " ind2=" ">
    <subfield code="a">Koopman, Ton (1944-....)</subfield>
  </datafield>
  <datafield tag="901" ind1=" " ind2=" ">
    <subfield code="a">Koopmann, Ton</subfield>
  </datafield>
  <datafield tag="901" ind1=" " ind2=" ">
    <subfield code="a">Koopmann, T.</subfield>
  </datafield>
</record>