


<record>
  <leader>     cx  a22     3  45  </leader>
  <controlfield tag="001">085796662</controlfield>
  <controlfield tag="003">http://www.idref.fr/085796662</controlfield>
  <controlfield tag="004">19870717</controlfield>
  <controlfield tag="005">20180105113401.000</controlfield>
  <controlfield tag="006">0004</controlfield>
  <controlfield tag="007">674821001</controlfield>
  <controlfield tag="008">Tp5</controlfield>
  <datafield tag="010" ind1=" " ind2=" ">
    <subfield code="a">0000000123205584</subfield>
    <subfield code="2">BNF</subfield>
    <subfield code="d">20150918</subfield>
  </datafield>
  <datafield tag="033" ind1=" " ind2=" ">
    <subfield code="a">http://catalogue.bnf.fr/ark:/12148/cb12044982w</subfield>
    <subfield code="2">BNF</subfield>
    <subfield code="d">20150918</subfield>
  </datafield>
  <datafield tag="035" ind1=" " ind2=" ">
    <subfield code="a">frBN003436985</subfield>
  </datafield>
  <datafield tag="035" ind1=" " ind2=" ">
    <subfield code="a">frBN002081556</subfield>
  </datafield>
  <datafield tag="035" ind1=" " ind2=" ">
    <subfield code="a">FRBNF120449822</subfield>
    <subfield code="z">FRBNF12044982</subfield>
  </datafield>
  <datafield tag="100" ind1=" " ind2=" ">
    <subfield code="a">19870717afrey50      ba0</subfield>
  </datafield>
  <datafield tag="101" ind1=" " ind2=" ">
    <subfield code="a">rus</subfield>
  </datafield>
  <datafield tag="102" ind1=" " ind2=" ">
    <subfield code="a">RU</subfield>
  </datafield>
  <datafield tag="103" ind1=" " ind2=" ">
    <subfield code="a"> 17950401 </subfield>
    <subfield code="b"> 18290130 </subfield>
  </datafield>
  <datafield tag="106" ind1=" " ind2=" ">
    <subfield code="a">0</subfield>
    <subfield code="b">1</subfield>
    <subfield code="c">0</subfield>
  </datafield>
  <datafield tag="120" ind1=" " ind2=" ">
    <subfield code="a">ba</subfield>
  </datafield>
  <datafield tag="152" ind1=" " ind2=" ">
    <subfield code="a">AFNOR</subfield>
  </datafield>
  <datafield tag="200" ind1=" " ind2="1">
    <subfield code="6">a01</subfield>
    <subfield code="7">ba0yca0y</subfield>
    <subfield code="8">frerus</subfield>
    <subfield code="9">0</subfield>
    <subfield code="a">Грибоедов</subfield>
    <subfield code="b">Александр Сергеевич</subfield>
    <subfield code="f">1795-1829</subfield>
  </datafield>
  <datafield tag="200" ind1=" " ind2="1">
    <subfield code="6">a01</subfield>
    <subfield code="7">ba0yba0a</subfield>
    <subfield code="8">frerus</subfield>
    <subfield code="9">0</subfield>
    <subfield code="a">Griboedov</subfield>
    <subfield code="b">Aleksandr Sergeevič</subfield>
    <subfield code="f">1795-1829</subfield>
  </datafield>
  <datafield tag="340" ind1=" " ind2=" ">
    <subfield code="7">ba0yba0y</subfield>
    <subfield code="a">Auteur dramatique, compositeur et diplomate russe</subfield>
  </datafield>
  <datafield tag="400" ind1=" " ind2="1">
    <subfield code="7">ba0yba0f</subfield>
    <subfield code="8">frerus</subfield>
    <subfield code="9">#</subfield>
    <subfield code="a">Griboedov</subfield>
    <subfield code="b">Aleksandr Sergeevich</subfield>
  </datafield>
  <datafield tag="400" ind1=" " ind2="1">
    <subfield code="7">ba0yba0y</subfield>
    <subfield code="8">frefre</subfield>
    <subfield code="9">#</subfield>
    <subfield code="a">Griboiedov</subfield>
    <subfield code="b">Alexandre Serguieievitch</subfield>
  </datafield>
  <datafield tag="400" ind1=" " ind2="1">
    <subfield code="7">ba0yba0y</subfield>
    <subfield code="9">#</subfield>
    <subfield code="a">Griboedov</subfield>
    <subfield code="b">Aleksandr Sergeevitch</subfield>
  </datafield>
  <datafield tag="400" ind1=" " ind2="1">
    <subfield code="7">ba0yba0y</subfield>
    <subfield code="9">#</subfield>
    <subfield code="a">Griboyedov</subfield>
    <subfield code="b">Aleksandr Sergeyevich</subfield>
  </datafield>
  <datafield tag="400" ind1=" " ind2="1">
    <subfield code="7">ba0yba0f</subfield>
    <subfield code="9">#</subfield>
    <subfield code="a">Griboedov</subfield>
    <subfield code="b">Aleksandr Sergueevitch</subfield>
  </datafield>
  <datafield tag="801" ind1=" " ind2="0">
    <subfield code="a">FR</subfield>
    <subfield code="b">BnF</subfield>
    <subfield code="c">19870721</subfield>
  </datafield>
  <datafield tag="801" ind1=" " ind2="3">
    <subfield code="a">FR</subfield>
    <subfield code="b">Abes</subfield>
    <subfield code="c">20180105</subfield>
    <subfield code="g">AFNOR</subfield>
  </datafield>
  <datafield tag="810" ind1=" " ind2=" ">
    <subfield code="a">Œuvres / Griboiedov, Pouchkine, Lermontov, 1986</subfield>
  </datafield>
  <datafield tag="815" ind1=" " ind2=" ">
    <subfield code="a">BN Cat. 1980-1984</subfield>
  </datafield>
  <datafield tag="900" ind1=" " ind2=" ">
    <subfield code="6">01</subfield>
    <subfield code="7">ba</subfield>
    <subfield code="a">Griboedov, Aleksandr Sergeevič (1795-1829)</subfield>
  </datafield>
  <datafield tag="900" ind1=" " ind2=" ">
    <subfield code="6">01</subfield>
    <subfield code="7">ca</subfield>
    <subfield code="a">Грибоедов, Александр Сергеевич (1795-1829)</subfield>
  </datafield>
  <datafield tag="901" ind1=" " ind2=" ">
    <subfield code="a">Griboedov, Aleksandr Sergeevich</subfield>
  </datafield>
  <datafield tag="901" ind1=" " ind2=" ">
    <subfield code="a">Griboiedov, Alexandre Serguieievitch</subfield>
  </datafield>
  <datafield tag="901" ind1=" " ind2=" ">
    <subfield code="a">Griboedov, Aleksandr Sergeevitch</subfield>
  </datafield>
  <datafield tag="901" ind1=" " ind2=" ">
    <subfield code="a">Griboyedov, Aleksandr Sergeyevich</subfield>
  </datafield>
  <datafield tag="901" ind1=" " ind2=" ">
    <subfield code="a">Griboedov, Aleksandr Sergueevitch</subfield>
  </datafield>
</record>