


<record>
  <leader>     cx  a22     3  45  </leader>
  <controlfield tag="001">087678853</controlfield>
  <controlfield tag="003">http://www.idref.fr/087678853</controlfield>
  <controlfield tag="004">20050609</controlfield>
  <controlfield tag="005">20070919142142.000</controlfield>
  <controlfield tag="006">751132304</controlfield>
  <controlfield tag="007">315552104</controlfield>
  <controlfield tag="008">Tp5</controlfield>
  <datafield tag="100" ind1=" " ind2=" ">
    <subfield code="a">20050609afrey50      ba0</subfield>
  </datafield>
  <datafield tag="101" ind1=" " ind2=" ">
    <subfield code="a">eng</subfield>
    <subfield code="a">pol</subfield>
  </datafield>
  <datafield tag="102" ind1=" " ind2=" ">
    <subfield code="a">US</subfield>
  </datafield>
  <datafield tag="106" ind1=" " ind2=" ">
    <subfield code="a">0</subfield>
    <subfield code="b">1</subfield>
    <subfield code="c">0</subfield>
  </datafield>
  <datafield tag="120" ind1=" " ind2=" ">
    <subfield code="a">ba</subfield>
  </datafield>
  <datafield tag="152" ind1=" " ind2=" ">
    <subfield code="a">AFNOR</subfield>
  </datafield>
  <datafield tag="200" ind1=" " ind2="1">
    <subfield code="7">ba0yba0y</subfield>
    <subfield code="9">0</subfield>
    <subfield code="a">Mickiewicz</subfield>
    <subfield code="b">Adam</subfield>
  </datafield>
  <datafield tag="340" ind1=" " ind2=" ">
    <subfield code="7">ba0yba0y</subfield>
    <subfield code="a">Professeur de la langue et de la civilisation polonaises à l&apos;Université de Columbia</subfield>
  </datafield>
  <datafield tag="801" ind1=" " ind2="3">
    <subfield code="a">FR</subfield>
    <subfield code="b">Abes</subfield>
    <subfield code="c">20070919</subfield>
    <subfield code="g">AFNOR</subfield>
  </datafield>
  <datafield tag="810" ind1=" " ind2=" ">
    <subfield code="a">Polish folk songs and dances‎ / Tośtoki ensemble‎ ; ‬Krosno song and dance ensemble‎ ; ‬Polish folksongs by Manfred Kridl, Adam Mickiewicz,...‬ - ‬Washington, D.C.‎ : ‬Smithsonian Folkways Recordings‎, P. 1954</subfield>
  </datafield>
  <datafield tag="900" ind1=" " ind2=" ">
    <subfield code="a">Mickiewicz, Adam</subfield>
  </datafield>
</record>