


<record>
  <leader>     nx  a22     3  45  </leader>
  <controlfield tag="001">097716340</controlfield>
  <controlfield tag="003">http://www.idref.fr/097716340</controlfield>
  <controlfield tag="004">20060308</controlfield>
  <controlfield tag="005">20060308132232.000</controlfield>
  <controlfield tag="006">930662101</controlfield>
  <controlfield tag="007">930662101</controlfield>
  <controlfield tag="008">Tp5</controlfield>
  <datafield tag="100" ind1=" " ind2=" ">
    <subfield code="a">20060308afrey50      ba0</subfield>
  </datafield>
  <datafield tag="101" ind1=" " ind2=" ">
    <subfield code="a">fre</subfield>
  </datafield>
  <datafield tag="102" ind1=" " ind2=" ">
    <subfield code="a">FR</subfield>
  </datafield>
  <datafield tag="103" ind1=" " ind2=" ">
    <subfield code="a"> 1950     </subfield>
  </datafield>
  <datafield tag="106" ind1=" " ind2=" ">
    <subfield code="a">0</subfield>
    <subfield code="b">1</subfield>
    <subfield code="c">0</subfield>
  </datafield>
  <datafield tag="120" ind1=" " ind2=" ">
    <subfield code="a">ba</subfield>
  </datafield>
  <datafield tag="152" ind1=" " ind2=" ">
    <subfield code="a">AFNOR</subfield>
  </datafield>
  <datafield tag="200" ind1=" " ind2="1">
    <subfield code="7">ba0yba0y</subfield>
    <subfield code="9">0</subfield>
    <subfield code="a">Cerutti</subfield>
    <subfield code="b">Michel</subfield>
    <subfield code="f">1950-....</subfield>
  </datafield>
  <datafield tag="340" ind1=" " ind2=" ">
    <subfield code="7">ba0yba0y</subfield>
    <subfield code="a">Percussionniste. Membre de l&apos;Ensemble InterContemporain, professeur au Conservatoire national de Rouen et au Conservatoire national supérieur de musique de Paris (en 1994)</subfield>
  </datafield>
  <datafield tag="801" ind1=" " ind2="3">
    <subfield code="a">FR</subfield>
    <subfield code="b">Abes</subfield>
    <subfield code="c">20060308</subfield>
    <subfield code="g">AFNOR</subfield>
  </datafield>
  <datafield tag="810" ind1=" " ind2=" ">
    <subfield code="a">...chaque jour n&apos;est qu&apos;une trêve entre deux nuits... ...chaque nuit n&apos;est qu&apos;une trêve entre deux jours... : assonance V : pour violoncelle et quatre groupes instrumentaux ; Rhizomes : assonance VIIb : pour deux percussions, deux pianos et électronique ; Assonance IV : pour tuba, alto et électronique... [etc.] / Michael Jarrell, comp. ; Pierre Strauch, vlc ; Ensemble InterContemporain, ens. instr. ; Péter Eötvös, dir. (...chaque jour...) ; Michel Cerutti, Daniel Ciampolini, perc. ; Pierre-Laurent Aimard, Florent Boffard, p (Rhizomes) ; Gérard Buquet, tuba ; Christophe Desjardins, alto (Assonance IV), 1994</subfield>
  </datafield>
  <datafield tag="900" ind1=" " ind2=" ">
    <subfield code="a">Cerutti, Michel (1950-....)</subfield>
  </datafield>
</record>