


<record>
  <leader>     cx  a22     3  45  </leader>
  <controlfield tag="001">112613101</controlfield>
  <controlfield tag="003">http://www.idref.fr/112613101</controlfield>
  <controlfield tag="004">20070215</controlfield>
  <controlfield tag="005">20151003053536.000</controlfield>
  <controlfield tag="006">751052102</controlfield>
  <controlfield tag="007">4994</controlfield>
  <controlfield tag="008">Tp5</controlfield>
  <datafield tag="010" ind1=" " ind2=" ">
    <subfield code="a">0000000081623963</subfield>
    <subfield code="2">BNF</subfield>
    <subfield code="d">20150918</subfield>
  </datafield>
  <datafield tag="033" ind1=" " ind2=" ">
    <subfield code="a">http://catalogue.bnf.fr/ark:/12148/cb140056190</subfield>
    <subfield code="2">BNF</subfield>
    <subfield code="d">20150928</subfield>
  </datafield>
  <datafield tag="035" ind1=" " ind2=" ">
    <subfield code="a">FRBNF140056196</subfield>
    <subfield code="z">FRBNF14005619</subfield>
  </datafield>
  <datafield tag="100" ind1=" " ind2=" ">
    <subfield code="a">20070215afrey50      ba0</subfield>
  </datafield>
  <datafield tag="102" ind1=" " ind2=" ">
    <subfield code="a">FR</subfield>
  </datafield>
  <datafield tag="103" ind1=" " ind2=" ">
    <subfield code="a"> 19031116 </subfield>
    <subfield code="b"> 194501   </subfield>
  </datafield>
  <datafield tag="106" ind1=" " ind2=" ">
    <subfield code="a">0</subfield>
    <subfield code="b">1</subfield>
    <subfield code="c">0</subfield>
  </datafield>
  <datafield tag="120" ind1=" " ind2=" ">
    <subfield code="a">ba</subfield>
  </datafield>
  <datafield tag="152" ind1=" " ind2=" ">
    <subfield code="a">AFNOR</subfield>
  </datafield>
  <datafield tag="200" ind1=" " ind2="1">
    <subfield code="7">ba0yba0y</subfield>
    <subfield code="9">0</subfield>
    <subfield code="a">Oberfeld</subfield>
    <subfield code="b">Casimir</subfield>
    <subfield code="f">1903-1945</subfield>
  </datafield>
  <datafield tag="300" ind1=" " ind2=" ">
    <subfield code="7">ba0yba0y</subfield>
    <subfield code="a">Compositeur de musique de films et de chansons</subfield>
  </datafield>
  <datafield tag="340" ind1=" " ind2=" ">
    <subfield code="7">ba0yba0y</subfield>
    <subfield code="a">Lieu de naissance Lodz, Pologne. Lieu de décès Auschwitz, Pologne</subfield>
  </datafield>
  <datafield tag="400" ind1=" " ind2="0">
    <subfield code="7">ba0yba0y</subfield>
    <subfield code="9">#</subfield>
    <subfield code="a">Oberfeld</subfield>
  </datafield>
  <datafield tag="540" ind1=" " ind2=" ">
    <subfield code="0">A collaboré à la composition de</subfield>
    <subfield code="3">163337306</subfield>
    <subfield code="7">ba0yba0y</subfield>
    <subfield code="a">Honegger, Arthur (1892-1955)</subfield>
    <subfield code="t">Nitchevo. H 106</subfield>
  </datafield>
  <datafield tag="801" ind1=" " ind2="0">
    <subfield code="a">FR</subfield>
    <subfield code="b">FR-751131015</subfield>
    <subfield code="c">20110511</subfield>
  </datafield>
  <datafield tag="801" ind1=" " ind2="3">
    <subfield code="a">FR</subfield>
    <subfield code="b">Abes</subfield>
    <subfield code="c">20151003</subfield>
    <subfield code="g">AFNOR</subfield>
  </datafield>
  <datafield tag="810" ind1=" " ind2=" ">
    <subfield code="a">C&apos;est pour mon papa [Musique imprimée] / musique de C. Oberfeld ; paroles de René Pujol, Ch.-L. Pothier, 1987</subfield>
  </datafield>
  <datafield tag="810" ind1=" " ind2=" ">
    <subfield code="a">Des compositeurs pour l&apos;image / Alain Lacombe, 1982</subfield>
  </datafield>
  <datafield tag="810" ind1=" " ind2=" ">
    <subfield code="a">L&apos;opérette en France / Benoît Duteurtre, 2009 [p. 123]</subfield>
  </datafield>
  <datafield tag="810" ind1=" " ind2=" ">
    <subfield code="a">JO, 1995-09-06 [p. 13229] : Oberfeld (Kazimierz ou Casimir)</subfield>
  </datafield>
  <datafield tag="810" ind1=" " ind2=" ">
    <subfield code="a">Le schpountz / Marcel Pagnol, réal., scénario ; Oberfeld, mus., 2006</subfield>
  </datafield>
  <datafield tag="900" ind1=" " ind2=" ">
    <subfield code="a">Oberfeld, Casimir (1903-1945)</subfield>
  </datafield>
  <datafield tag="901" ind1=" " ind2=" ">
    <subfield code="a">Oberfeld</subfield>
  </datafield>
</record>