


<record>
  <leader>     cx  a22     3  45  </leader>
  <controlfield tag="001">121941094</controlfield>
  <controlfield tag="003">http://www.idref.fr/121941094</controlfield>
  <controlfield tag="004">20080303</controlfield>
  <controlfield tag="005">20080311145045.000</controlfield>
  <controlfield tag="006">751065210</controlfield>
  <controlfield tag="007">751065210</controlfield>
  <controlfield tag="008">Tp5</controlfield>
  <datafield tag="100" ind1=" " ind2=" ">
    <subfield code="a">20080303afrey50      ba0</subfield>
  </datafield>
  <datafield tag="101" ind1=" " ind2=" ">
    <subfield code="a">eng</subfield>
  </datafield>
  <datafield tag="102" ind1=" " ind2=" ">
    <subfield code="a">GB</subfield>
  </datafield>
  <datafield tag="103" ind1=" " ind2=" ">
    <subfield code="a"> 1838     </subfield>
    <subfield code="b"> 1896     </subfield>
  </datafield>
  <datafield tag="106" ind1=" " ind2=" ">
    <subfield code="a">0</subfield>
    <subfield code="b">1</subfield>
    <subfield code="c">0</subfield>
  </datafield>
  <datafield tag="120" ind1=" " ind2=" ">
    <subfield code="a">ba</subfield>
  </datafield>
  <datafield tag="152" ind1=" " ind2=" ">
    <subfield code="a">AFNOR</subfield>
  </datafield>
  <datafield tag="200" ind1=" " ind2="1">
    <subfield code="7">ba0yba0y</subfield>
    <subfield code="8">angang</subfield>
    <subfield code="9">0</subfield>
    <subfield code="a">Barnby</subfield>
    <subfield code="b">Joseph</subfield>
    <subfield code="f">1838-1896</subfield>
  </datafield>
  <datafield tag="300" ind1=" " ind2=" ">
    <subfield code="7">ba0yba0y</subfield>
    <subfield code="a">Compositeur et chef d&apos;orchestre anglais</subfield>
  </datafield>
  <datafield tag="400" ind1=" " ind2="0">
    <subfield code="7">ba0yba0y</subfield>
    <subfield code="a">Sir Joseph</subfield>
    <subfield code="b">Barnby</subfield>
  </datafield>
  <datafield tag="801" ind1=" " ind2="3">
    <subfield code="a">FR</subfield>
    <subfield code="b">Abes</subfield>
    <subfield code="c">20080311</subfield>
    <subfield code="g">AFNOR</subfield>
  </datafield>
  <datafield tag="810" ind1=" " ind2=" ">
    <subfield code="a">Grove on line (11.03.08)</subfield>
  </datafield>
  <datafield tag="810" ind1=" " ind2=" ">
    <subfield code="a">Novello&apos;s Glee book / J. Barnby. - London : Novello, s.d.</subfield>
  </datafield>
  <datafield tag="900" ind1=" " ind2=" ">
    <subfield code="a">Barnby, Joseph (1838-1896)</subfield>
  </datafield>
  <datafield tag="901" ind1=" " ind2=" ">
    <subfield code="a">Sir Joseph, Barnby</subfield>
  </datafield>
</record>