


<record>
  <leader>     cx  a22     3  45  </leader>
  <controlfield tag="001">140809228</controlfield>
  <controlfield tag="003">http://www.idref.fr/140809228</controlfield>
  <controlfield tag="004">20100224</controlfield>
  <controlfield tag="005">20150928100356.000</controlfield>
  <controlfield tag="006">751165101</controlfield>
  <controlfield tag="007">1999</controlfield>
  <controlfield tag="008">Tp5</controlfield>
  <datafield tag="033" ind1=" " ind2=" ">
    <subfield code="a">http://catalogue.bnf.fr/ark:/12148/cb16081724t</subfield>
    <subfield code="2">BNF</subfield>
    <subfield code="d">20150928</subfield>
  </datafield>
  <datafield tag="035" ind1=" " ind2=" ">
    <subfield code="a">FRBNF160817246</subfield>
    <subfield code="z">FRBNF16081724</subfield>
  </datafield>
  <datafield tag="100" ind1=" " ind2=" ">
    <subfield code="a">20100224afrey50      ba0</subfield>
  </datafield>
  <datafield tag="101" ind1=" " ind2=" ">
    <subfield code="a">fre</subfield>
  </datafield>
  <datafield tag="102" ind1=" " ind2=" ">
    <subfield code="a">FR</subfield>
  </datafield>
  <datafield tag="106" ind1=" " ind2=" ">
    <subfield code="a">0</subfield>
    <subfield code="b">1</subfield>
    <subfield code="c">0</subfield>
  </datafield>
  <datafield tag="120" ind1=" " ind2=" ">
    <subfield code="a">aa</subfield>
  </datafield>
  <datafield tag="152" ind1=" " ind2=" ">
    <subfield code="a">AFNOR</subfield>
  </datafield>
  <datafield tag="200" ind1=" " ind2="1">
    <subfield code="7">ba0yba0y</subfield>
    <subfield code="5">l|xxx</subfield>
    <subfield code="9">0</subfield>
    <subfield code="a">Cloteaux</subfield>
    <subfield code="b">Aurore</subfield>
  </datafield>
  <datafield tag="500" ind1=" " ind2="1">
    <subfield code="0">Utilisé par</subfield>
    <subfield code="3">02670305X</subfield>
    <subfield code="5">z|xxx</subfield>
    <subfield code="7">ba0yba0y</subfield>
    <subfield code="a">Balzac</subfield>
    <subfield code="b">Honoré de</subfield>
    <subfield code="f">1799-1850</subfield>
  </datafield>
  <datafield tag="500" ind1=" " ind2="1">
    <subfield code="0">Utilisé par</subfield>
    <subfield code="3">072398477</subfield>
    <subfield code="5">z|xxx</subfield>
    <subfield code="7">ba0yba0y</subfield>
    <subfield code="a">Lepoitevin de L&apos;Égreville</subfield>
    <subfield code="b">Auguste</subfield>
    <subfield code="f">1791-1854</subfield>
  </datafield>
  <datafield tag="801" ind1=" " ind2="0">
    <subfield code="a">FR</subfield>
    <subfield code="b">BnF</subfield>
    <subfield code="c">20090715</subfield>
  </datafield>
  <datafield tag="801" ind1=" " ind2="3">
    <subfield code="a">FR</subfield>
    <subfield code="b">Abes</subfield>
    <subfield code="c">20150928</subfield>
    <subfield code="g">AFNOR</subfield>
  </datafield>
  <datafield tag="810" ind1=" " ind2=" ">
    <subfield code="a">Le mulâtre / par Mme Aurore Cloteaux, 1824</subfield>
  </datafield>
  <datafield tag="810" ind1=" " ind2=" ">
    <subfield code="a">Le mulâtre / Aurore Cloteaux, pseudonyme collectif d&apos;Honoré de Balzac et A. Lepoitevin de l&apos; Égreville, DL 2009</subfield>
  </datafield>
  <datafield tag="900" ind1=" " ind2=" ">
    <subfield code="a">Cloteaux, Aurore</subfield>
  </datafield>
</record>