


<record>
  <leader>     nx  a22     3  45  </leader>
  <controlfield tag="001">144232197</controlfield>
  <controlfield tag="003">http://www.idref.fr/144232197</controlfield>
  <controlfield tag="004">20100511</controlfield>
  <controlfield tag="005">20100511102728.000</controlfield>
  <controlfield tag="006">912282101</controlfield>
  <controlfield tag="007">912282101</controlfield>
  <controlfield tag="008">Tp5</controlfield>
  <datafield tag="100" ind1=" " ind2=" ">
    <subfield code="a">20100511afrey50      ba0</subfield>
  </datafield>
  <datafield tag="101" ind1=" " ind2=" ">
    <subfield code="a">eng</subfield>
  </datafield>
  <datafield tag="103" ind1=" " ind2=" ">
    <subfield code="a"> 1945     </subfield>
    <subfield code="b"> 2006     </subfield>
  </datafield>
  <datafield tag="106" ind1=" " ind2=" ">
    <subfield code="a">0</subfield>
    <subfield code="b">1</subfield>
    <subfield code="c">0</subfield>
  </datafield>
  <datafield tag="120" ind1=" " ind2=" ">
    <subfield code="a">ba</subfield>
  </datafield>
  <datafield tag="152" ind1=" " ind2=" ">
    <subfield code="a">AFNOR</subfield>
  </datafield>
  <datafield tag="200" ind1=" " ind2="1">
    <subfield code="7">ba0yba0y</subfield>
    <subfield code="9">0</subfield>
    <subfield code="a">Dean</subfield>
    <subfield code="b">Elton</subfield>
    <subfield code="f">1945-2006</subfield>
  </datafield>
  <datafield tag="340" ind1=" " ind2=" ">
    <subfield code="7">ba0yba0y</subfield>
    <subfield code="a">Musicien et compositeur</subfield>
  </datafield>
  <datafield tag="801" ind1=" " ind2="3">
    <subfield code="a">FR</subfield>
    <subfield code="b">Abes</subfield>
    <subfield code="c">20100511</subfield>
    <subfield code="g">AFNOR</subfield>
  </datafield>
  <datafield tag="810" ind1=" " ind2=" ">
    <subfield code="a">Happy daze [enregistrement sonore] / Elton Dean&apos;s ninesense. - Ogun, 2009</subfield>
  </datafield>
  <datafield tag="900" ind1=" " ind2=" ">
    <subfield code="a">Dean, Elton (1945-2006)</subfield>
  </datafield>
</record>