


<record>
  <leader>     nx  a22     3  45  </leader>
  <controlfield tag="001">144421550</controlfield>
  <controlfield tag="003">http://www.idref.fr/144421550</controlfield>
  <controlfield tag="004">20100520</controlfield>
  <controlfield tag="005">20100520115652.000</controlfield>
  <controlfield tag="006">690292101</controlfield>
  <controlfield tag="007">690292101</controlfield>
  <controlfield tag="008">Tp5</controlfield>
  <datafield tag="100" ind1=" " ind2=" ">
    <subfield code="a">20100520afrey50      ba0</subfield>
  </datafield>
  <datafield tag="101" ind1=" " ind2=" ">
    <subfield code="a">fre</subfield>
  </datafield>
  <datafield tag="102" ind1=" " ind2=" ">
    <subfield code="a">FR</subfield>
  </datafield>
  <datafield tag="103" ind1=" " ind2=" ">
    <subfield code="a"> 1897     </subfield>
    <subfield code="b"> 19830521 </subfield>
  </datafield>
  <datafield tag="106" ind1=" " ind2=" ">
    <subfield code="a">0</subfield>
    <subfield code="b">1</subfield>
    <subfield code="c">0</subfield>
  </datafield>
  <datafield tag="120" ind1=" " ind2=" ">
    <subfield code="a">ba</subfield>
  </datafield>
  <datafield tag="152" ind1=" " ind2=" ">
    <subfield code="a">AFNOR</subfield>
  </datafield>
  <datafield tag="200" ind1=" " ind2="1">
    <subfield code="7">ba0yba0y</subfield>
    <subfield code="9">0</subfield>
    <subfield code="a">Franck</subfield>
    <subfield code="b">Maurice</subfield>
    <subfield code="f">1897-1983</subfield>
  </datafield>
  <datafield tag="340" ind1=" " ind2=" ">
    <subfield code="7">ba0yba0y</subfield>
    <subfield code="a">Musicien (enseignait le solfège et l&apos;harmonie) et pédagogue, Maurice Franck, né à Paris en 1897, fut élève de Samuel-Rousseau et de Paul Vidal au C.N.S.M. En 1924 il se présentait pour la première fois au Concours de Rome (sujet : Les amants de Vérone) sans obtenir toutefois de récompense. L’année suivante, La mort d’Adonis lui valait une mention honorable, et en 1926 sa cantate L’autre Mère était primée par un 1er Second Prix. Deux nouvelles tentatives, en 1927 et 1928, avec les cantates Coriolan et Héracles à Delphes ne lui permettaient pas de décrocher le Grand Prix.</subfield>
  </datafield>
  <datafield tag="801" ind1=" " ind2="3">
    <subfield code="a">FR</subfield>
    <subfield code="b">Abes</subfield>
    <subfield code="c">20100520</subfield>
    <subfield code="g">AFNOR</subfield>
  </datafield>
  <datafield tag="810" ind1=" " ind2=" ">
    <subfield code="a">Vingt huit leçons de solfège ... / Maurice Franck .- Paris : Max Eschig, 1951</subfield>
  </datafield>
  <datafield tag="810" ind1=" " ind2=" ">
    <subfield code="a">Internet : http://www.musimem.com/prix-rome-1920-1929.htm. Consulté le 20 mai 2010.</subfield>
  </datafield>
  <datafield tag="900" ind1=" " ind2=" ">
    <subfield code="a">Franck, Maurice (1897-1983)</subfield>
  </datafield>
</record>