


<record>
  <leader>     nx  a22     3  45  </leader>
  <controlfield tag="001">153428422</controlfield>
  <controlfield tag="003">http://www.idref.fr/153428422</controlfield>
  <controlfield tag="004">20110704</controlfield>
  <controlfield tag="005">20110704151223.000</controlfield>
  <controlfield tag="006">315552103</controlfield>
  <controlfield tag="007">315552103</controlfield>
  <controlfield tag="008">Tp5</controlfield>
  <datafield tag="100" ind1=" " ind2=" ">
    <subfield code="a">20110704afrey50      ba0</subfield>
  </datafield>
  <datafield tag="101" ind1=" " ind2=" ">
    <subfield code="a">pol</subfield>
  </datafield>
  <datafield tag="102" ind1=" " ind2=" ">
    <subfield code="a">PL</subfield>
  </datafield>
  <datafield tag="103" ind1=" " ind2=" ">
    <subfield code="a"> 1793    ?</subfield>
    <subfield code="b"> 18550816 </subfield>
  </datafield>
  <datafield tag="106" ind1=" " ind2=" ">
    <subfield code="a">0</subfield>
    <subfield code="b">1</subfield>
    <subfield code="c">0</subfield>
  </datafield>
  <datafield tag="120" ind1=" " ind2=" ">
    <subfield code="a">ba</subfield>
  </datafield>
  <datafield tag="152" ind1=" " ind2=" ">
    <subfield code="a">AFNOR</subfield>
  </datafield>
  <datafield tag="200" ind1=" " ind2="1">
    <subfield code="7">ba0yba0y</subfield>
    <subfield code="9">0</subfield>
    <subfield code="a">Jeżowski</subfield>
    <subfield code="b">Józef</subfield>
    <subfield code="f">1793?-1855</subfield>
  </datafield>
  <datafield tag="300" ind1=" " ind2=" ">
    <subfield code="7">ba0yba0y</subfield>
    <subfield code="a">Poète</subfield>
  </datafield>
  <datafield tag="801" ind1=" " ind2="3">
    <subfield code="a">FR</subfield>
    <subfield code="b">Abes</subfield>
    <subfield code="c">20110704</subfield>
    <subfield code="g">AFNOR</subfield>
  </datafield>
  <datafield tag="810" ind1=" " ind2=" ">
    <subfield code="a">Horacego: Ody celniejsze z objaśnieniami / Józef Jeżowski, 1821-1823</subfield>
  </datafield>
  <datafield tag="810" ind1=" " ind2=" ">
    <subfield code="a">Dodatek do Horacjusza &quot;Ód celniejszych&quot; / Józef Jeżowski,  1824</subfield>
  </datafield>
  <datafield tag="810" ind1=" " ind2=" ">
    <subfield code="a">Internet, http://pl.wikipedia.org/wiki/J%C3%B3zef_Je%C5%BCowski, 2011-07-14</subfield>
    <subfield code="b">Józef Jeżowski (ur. ok. 1793, zm. 16 sierpnia 1855 w Kuryłówce k. Kaniowa, Podole) – polski filolog klasyczny, poeta, tłumacz, współzałożyciel Towarzystwa Filomatów</subfield>
  </datafield>
  <datafield tag="900" ind1=" " ind2=" ">
    <subfield code="a">Jeżowski, Józef (1793?-1855)</subfield>
  </datafield>
</record>