


<record>
  <leader>     nx  a22     3  45  </leader>
  <controlfield tag="001">153471239</controlfield>
  <controlfield tag="003">http://www.idref.fr/153471239</controlfield>
  <controlfield tag="004">20110705</controlfield>
  <controlfield tag="005">20110705132359.000</controlfield>
  <controlfield tag="006">514542217</controlfield>
  <controlfield tag="007">514542217</controlfield>
  <controlfield tag="008">Tp5</controlfield>
  <datafield tag="100" ind1=" " ind2=" ">
    <subfield code="a">20110705afrey50      ba0</subfield>
  </datafield>
  <datafield tag="101" ind1=" " ind2=" ">
    <subfield code="a">hun</subfield>
  </datafield>
  <datafield tag="102" ind1=" " ind2=" ">
    <subfield code="a">HU</subfield>
  </datafield>
  <datafield tag="103" ind1=" " ind2=" ">
    <subfield code="a"> 1955-    </subfield>
  </datafield>
  <datafield tag="106" ind1=" " ind2=" ">
    <subfield code="a">0</subfield>
    <subfield code="b">1</subfield>
    <subfield code="c">0</subfield>
  </datafield>
  <datafield tag="120" ind1=" " ind2=" ">
    <subfield code="a">ba</subfield>
  </datafield>
  <datafield tag="152" ind1=" " ind2=" ">
    <subfield code="a">AFNOR</subfield>
  </datafield>
  <datafield tag="200" ind1=" " ind2="1">
    <subfield code="7">ba0yba0y</subfield>
    <subfield code="9">0</subfield>
    <subfield code="a">Drahos</subfield>
    <subfield code="b">Béla</subfield>
    <subfield code="f">1955-....</subfield>
  </datafield>
  <datafield tag="340" ind1=" " ind2=" ">
    <subfield code="7">ba0yba0y</subfield>
    <subfield code="a">Flûtiste et chef d&apos;orchestre</subfield>
  </datafield>
  <datafield tag="801" ind1=" " ind2="3">
    <subfield code="a">FR</subfield>
    <subfield code="b">Abes</subfield>
    <subfield code="c">20110705</subfield>
    <subfield code="g">AFNOR</subfield>
  </datafield>
  <datafield tag="810" ind1=" " ind2=" ">
    <subfield code="a">Sonatas for flute and harpsichord WQ. 83-87 / C.P.E. Bach - Béla Drahos, flute ; Zsuzsa Pertis, harpsichord - Naxos, 1991</subfield>
  </datafield>
  <datafield tag="810" ind1=" " ind2=" ">
    <subfield code="a">http://catalogue.bnf.fr/ark:/12148/cb139472215/PUBLIC (20110705)</subfield>
  </datafield>
  <datafield tag="900" ind1=" " ind2=" ">
    <subfield code="a">Drahos, Béla (1955-....)</subfield>
  </datafield>
</record>