


<record>
  <leader>     cx  a22     3  45  </leader>
  <controlfield tag="001">156955121</controlfield>
  <controlfield tag="003">http://www.idref.fr/156955121</controlfield>
  <controlfield tag="004">20111208</controlfield>
  <controlfield tag="005">20181221154906.000</controlfield>
  <controlfield tag="006">620412209</controlfield>
  <controlfield tag="007">384212103</controlfield>
  <controlfield tag="008">Tp5</controlfield>
  <datafield tag="010" ind1=" " ind2=" ">
    <subfield code="a">0000000110494858</subfield>
    <subfield code="2">BNF</subfield>
    <subfield code="d">20150918</subfield>
  </datafield>
  <datafield tag="033" ind1=" " ind2=" ">
    <subfield code="a">http://catalogue.bnf.fr/ark:/12148/cb126424555</subfield>
    <subfield code="2">BNF</subfield>
    <subfield code="d">20150928</subfield>
  </datafield>
  <datafield tag="035" ind1=" " ind2=" ">
    <subfield code="a">FRBNF126424555</subfield>
    <subfield code="z">FRBNF12642455</subfield>
  </datafield>
  <datafield tag="035" ind1=" " ind2=" ">
    <subfield code="a">frBN001416610</subfield>
  </datafield>
  <datafield tag="100" ind1=" " ind2=" ">
    <subfield code="a">20111208afrey50      ba0</subfield>
  </datafield>
  <datafield tag="101" ind1=" " ind2=" ">
    <subfield code="a">eng</subfield>
  </datafield>
  <datafield tag="102" ind1=" " ind2=" ">
    <subfield code="a">GB</subfield>
  </datafield>
  <datafield tag="103" ind1=" " ind2=" ">
    <subfield code="a"> 1941     </subfield>
  </datafield>
  <datafield tag="106" ind1=" " ind2=" ">
    <subfield code="a">0</subfield>
    <subfield code="b">1</subfield>
    <subfield code="c">0</subfield>
  </datafield>
  <datafield tag="120" ind1=" " ind2=" ">
    <subfield code="a">aa</subfield>
  </datafield>
  <datafield tag="152" ind1=" " ind2=" ">
    <subfield code="a">AFNOR</subfield>
  </datafield>
  <datafield tag="200" ind1=" " ind2="1">
    <subfield code="7">ba0yba0y</subfield>
    <subfield code="9">0</subfield>
    <subfield code="a">Tolkien</subfield>
    <subfield code="b">Baillie</subfield>
    <subfield code="f">1941-....</subfield>
  </datafield>
  <datafield tag="300" ind1=" " ind2=" ">
    <subfield code="7">ba0yba0y</subfield>
    <subfield code="a">Seconde épouse de Christopher Tolkien (1924-....), fils de John Ronald Reuel Tolkien (1892-1973)</subfield>
  </datafield>
  <datafield tag="500" ind1=" " ind2="1">
    <subfield code="3">02716490X</subfield>
    <subfield code="5">x|xex</subfield>
    <subfield code="7">ba0yba0y</subfield>
    <subfield code="a">Tolkien</subfield>
    <subfield code="b">Christopher</subfield>
    <subfield code="f">1924-....</subfield>
  </datafield>
  <datafield tag="500" ind1=" " ind2="1">
    <subfield code="3">05697616X</subfield>
    <subfield code="5">x|xhx</subfield>
    <subfield code="7">ba0yba0y</subfield>
    <subfield code="a">Tolkien</subfield>
    <subfield code="b">Adam R.</subfield>
    <subfield code="f">1969-....</subfield>
  </datafield>
  <datafield tag="801" ind1=" " ind2="0">
    <subfield code="a">FR</subfield>
    <subfield code="b">BnF</subfield>
    <subfield code="c">20080805</subfield>
  </datafield>
  <datafield tag="801" ind1=" " ind2="3">
    <subfield code="a">FR</subfield>
    <subfield code="b">Abes</subfield>
    <subfield code="c">20181221</subfield>
    <subfield code="g">AFNOR</subfield>
  </datafield>
  <datafield tag="810" ind1=" " ind2=" ">
    <subfield code="a">Letters from Father Christmas / J.R.R. Tolkien ; edited by Baillie Tolkien, 2006</subfield>
  </datafield>
  <datafield tag="810" ind1=" " ind2=" ">
    <subfield code="a">British Library - http://catalogue.bl.uk (2008-06-16)</subfield>
  </datafield>
  <datafield tag="810" ind1=" " ind2=" ">
    <subfield code="a">LC authorities - http://authorities.loc.gov (2008-06-16)</subfield>
  </datafield>
  <datafield tag="810" ind1=" " ind2=" ">
    <subfield code="a">Wikipedia - http://en.wikipedia.org/wiki/Tolkien_family (2008-06-16)</subfield>
  </datafield>
  <datafield tag="900" ind1=" " ind2=" ">
    <subfield code="a">Tolkien, Baillie (1941-....)</subfield>
  </datafield>
</record>