


<record>
  <leader>     cx  a22     3  45  </leader>
  <controlfield tag="001">158966503</controlfield>
  <controlfield tag="003">http://www.idref.fr/158966503</controlfield>
  <controlfield tag="004">20120305</controlfield>
  <controlfield tag="005">20151003052211.000</controlfield>
  <controlfield tag="006">751052101</controlfield>
  <controlfield tag="007">4994</controlfield>
  <controlfield tag="008">Tp5</controlfield>
  <datafield tag="010" ind1=" " ind2=" ">
    <subfield code="a">0000000082184771</subfield>
    <subfield code="2">BNF</subfield>
    <subfield code="d">20150918</subfield>
  </datafield>
  <datafield tag="033" ind1=" " ind2=" ">
    <subfield code="a">http://catalogue.bnf.fr/ark:/12148/cb13924043s</subfield>
    <subfield code="2">BNF</subfield>
    <subfield code="d">20150928</subfield>
  </datafield>
  <datafield tag="035" ind1=" " ind2=" ">
    <subfield code="a">FRBNF139240434</subfield>
    <subfield code="z">FRBNF13924043</subfield>
  </datafield>
  <datafield tag="100" ind1=" " ind2=" ">
    <subfield code="a">20120305afrey50      ba0</subfield>
  </datafield>
  <datafield tag="102" ind1=" " ind2=" ">
    <subfield code="a">US</subfield>
  </datafield>
  <datafield tag="103" ind1=" " ind2=" ">
    <subfield code="a"> 19340228 </subfield>
    <subfield code="b"> 19830915 </subfield>
  </datafield>
  <datafield tag="106" ind1=" " ind2=" ">
    <subfield code="a">0</subfield>
    <subfield code="b">1</subfield>
    <subfield code="c">0</subfield>
  </datafield>
  <datafield tag="120" ind1=" " ind2=" ">
    <subfield code="a">ba</subfield>
  </datafield>
  <datafield tag="152" ind1=" " ind2=" ">
    <subfield code="a">AFNOR</subfield>
  </datafield>
  <datafield tag="200" ind1=" " ind2="1">
    <subfield code="7">ba0yba0y</subfield>
    <subfield code="9">0</subfield>
    <subfield code="a">Bobo</subfield>
    <subfield code="b">Willie</subfield>
    <subfield code="f">1934-1983</subfield>
  </datafield>
  <datafield tag="300" ind1=" " ind2=" ">
    <subfield code="7">ba0yba0y</subfield>
    <subfield code="a">Chanteur, percussionniste de jazz</subfield>
  </datafield>
  <datafield tag="340" ind1=" " ind2=" ">
    <subfield code="7">ba0yba0y</subfield>
    <subfield code="a">Lieu de naissance New York (N.Y.). Lieu de décès Los Angeles (Calif.)</subfield>
  </datafield>
  <datafield tag="510" ind1="0" ind2=" ">
    <subfield code="0">Membre de</subfield>
    <subfield code="3">158966511</subfield>
    <subfield code="5">z|xxx</subfield>
    <subfield code="7">ba0yba0y</subfield>
    <subfield code="a">Herbie Hancock quartet</subfield>
  </datafield>
  <datafield tag="510" ind1="0" ind2=" ">
    <subfield code="0">Membre de</subfield>
    <subfield code="3">158966538</subfield>
    <subfield code="5">z|xxx</subfield>
    <subfield code="7">ba0yba0y</subfield>
    <subfield code="a">Ike Quebec quintet</subfield>
  </datafield>
  <datafield tag="801" ind1=" " ind2="0">
    <subfield code="a">FR</subfield>
    <subfield code="b">BnF</subfield>
    <subfield code="c">20091112</subfield>
  </datafield>
  <datafield tag="801" ind1=" " ind2="3">
    <subfield code="a">FR</subfield>
    <subfield code="b">Abes</subfield>
    <subfield code="c">20151003</subfield>
    <subfield code="g">AFNOR</subfield>
  </datafield>
  <datafield tag="810" ind1=" " ind2=" ">
    <subfield code="a">Succotash [Enregistrement sonore] / Herbie Hancock, p ; Willie Bobo, chant. Blue note BNLA152F</subfield>
  </datafield>
  <datafield tag="810" ind1=" " ind2=" ">
    <subfield code="a">LC authorities - http://authorities.loc.gov (2006-07-18)</subfield>
  </datafield>
  <datafield tag="810" ind1=" " ind2=" ">
    <subfield code="a">Grove Music Online : Bobo, Willie [Correa, William] - http://www.oxfordmusiconline.com (2009-11-12)</subfield>
  </datafield>
  <datafield tag="900" ind1=" " ind2=" ">
    <subfield code="a">Bobo, Willie (1934-1983)</subfield>
  </datafield>
</record>