


<record>
  <leader>     nx  a22     3  45  </leader>
  <controlfield tag="001">158966791</controlfield>
  <controlfield tag="003">http://www.idref.fr/158966791</controlfield>
  <controlfield tag="004">20120306</controlfield>
  <controlfield tag="005">20120306053656.000</controlfield>
  <controlfield tag="006">751052101</controlfield>
  <controlfield tag="007">751052101</controlfield>
  <controlfield tag="008">Tp5</controlfield>
  <datafield tag="100" ind1=" " ind2=" ">
    <subfield code="a">20120306afrey50      ba0</subfield>
  </datafield>
  <datafield tag="101" ind1=" " ind2=" ">
    <subfield code="a">eng</subfield>
  </datafield>
  <datafield tag="102" ind1=" " ind2=" ">
    <subfield code="a">US</subfield>
  </datafield>
  <datafield tag="103" ind1=" " ind2=" ">
    <subfield code="a"> 1913     </subfield>
    <subfield code="b"> 1989     </subfield>
  </datafield>
  <datafield tag="106" ind1=" " ind2=" ">
    <subfield code="a">0</subfield>
    <subfield code="b">1</subfield>
    <subfield code="c">0</subfield>
  </datafield>
  <datafield tag="120" ind1=" " ind2=" ">
    <subfield code="a">ba</subfield>
  </datafield>
  <datafield tag="152" ind1=" " ind2=" ">
    <subfield code="a">AFNOR</subfield>
  </datafield>
  <datafield tag="200" ind1=" " ind2="1">
    <subfield code="7">ba0yba0y</subfield>
    <subfield code="9">0</subfield>
    <subfield code="a">Shirley</subfield>
    <subfield code="b">Jimmy </subfield>
    <subfield code="f">1913-1989</subfield>
  </datafield>
  <datafield tag="340" ind1=" " ind2=" ">
    <subfield code="7">ba0yba0y</subfield>
    <subfield code="a">Guitariste</subfield>
  </datafield>
  <datafield tag="801" ind1=" " ind2="3">
    <subfield code="a">FR</subfield>
    <subfield code="b">Abes</subfield>
    <subfield code="c">20120306</subfield>
    <subfield code="g">AFNOR</subfield>
  </datafield>
  <datafield tag="810" ind1=" " ind2=" ">
    <subfield code="a">Hhttp://www.classicjazzguitar.com/artists/artists_page.jsp?artist=69, 2012-01-06</subfield>
    <subfield code="b">Jimmy Shirley (1913 - 1989)</subfield>
  </datafield>
  <datafield tag="900" ind1=" " ind2=" ">
    <subfield code="a">Shirley, Jimmy  (1913-1989)</subfield>
  </datafield>
</record>