


<record>
  <leader>     nx  a22     3  45  </leader>
  <controlfield tag="001">164277749</controlfield>
  <controlfield tag="003">http://www.idref.fr/164277749</controlfield>
  <controlfield tag="004">20120926</controlfield>
  <controlfield tag="005">20120926161244.000</controlfield>
  <controlfield tag="006">372612204</controlfield>
  <controlfield tag="007">372612204</controlfield>
  <controlfield tag="008">Tp5</controlfield>
  <datafield tag="035" ind1=" " ind2=" ">
    <subfield code="a"> FRBNF14836884</subfield>
  </datafield>
  <datafield tag="100" ind1=" " ind2=" ">
    <subfield code="a">20120926afrey50      ba0</subfield>
  </datafield>
  <datafield tag="101" ind1=" " ind2=" ">
    <subfield code="a">fre</subfield>
  </datafield>
  <datafield tag="102" ind1=" " ind2=" ">
    <subfield code="a">FR</subfield>
  </datafield>
  <datafield tag="103" ind1=" " ind2=" ">
    <subfield code="a"> 1977     </subfield>
  </datafield>
  <datafield tag="106" ind1=" " ind2=" ">
    <subfield code="a">0</subfield>
    <subfield code="b">0</subfield>
    <subfield code="c">0</subfield>
  </datafield>
  <datafield tag="120" ind1=" " ind2=" ">
    <subfield code="a">ba</subfield>
  </datafield>
  <datafield tag="152" ind1=" " ind2=" ">
    <subfield code="a">AFNOR</subfield>
  </datafield>
  <datafield tag="200" ind1=" " ind2="1">
    <subfield code="7">ba0yba0y</subfield>
    <subfield code="a">Boukhitine</subfield>
    <subfield code="b">Arnaud</subfield>
  </datafield>
  <datafield tag="340" ind1=" " ind2=" ">
    <subfield code="7">ba0yba0y</subfield>
    <subfield code="a">Tubiste et compositeur français. - Membre de l&apos;Ensemble intercontemporain depuis 2002</subfield>
  </datafield>
  <datafield tag="510" ind1="0" ind2="1">
    <subfield code="7">ba0yba0y</subfield>
    <subfield code="a">Diagonal</subfield>
    <subfield code="c">Groupe de jazz</subfield>
  </datafield>
  <datafield tag="510" ind1="0" ind2="1">
    <subfield code="7">ba0yba0y</subfield>
    <subfield code="a">Ensemble intercontemporain</subfield>
    <subfield code="c">Paris</subfield>
  </datafield>
  <datafield tag="801" ind1=" " ind2="3">
    <subfield code="a">FR</subfield>
    <subfield code="b">Abes</subfield>
    <subfield code="c">20120926</subfield>
    <subfield code="g">AFNOR</subfield>
  </datafield>
  <datafield tag="810" ind1=" " ind2=" ">
    <subfield code="a">Internet, www.bnopale. fr, 2012-09-26</subfield>
  </datafield>
  <datafield tag="900" ind1=" " ind2=" ">
    <subfield code="a">Boukhitine, Arnaud</subfield>
  </datafield>
</record>