


<record>
  <leader>     nx  a22     3  45  </leader>
  <controlfield tag="001">168728877</controlfield>
  <controlfield tag="003">http://www.idref.fr/168728877</controlfield>
  <controlfield tag="004">20130415</controlfield>
  <controlfield tag="005">20130415151232.000</controlfield>
  <controlfield tag="006">315552331</controlfield>
  <controlfield tag="007">315552331</controlfield>
  <controlfield tag="008">Tp5</controlfield>
  <datafield tag="100" ind1=" " ind2=" ">
    <subfield code="a">20130415afrey50      ba0</subfield>
  </datafield>
  <datafield tag="101" ind1=" " ind2=" ">
    <subfield code="a">fre</subfield>
  </datafield>
  <datafield tag="102" ind1=" " ind2=" ">
    <subfield code="a">FR</subfield>
  </datafield>
  <datafield tag="106" ind1=" " ind2=" ">
    <subfield code="a">0</subfield>
    <subfield code="b">1</subfield>
    <subfield code="c">0</subfield>
  </datafield>
  <datafield tag="152" ind1=" " ind2=" ">
    <subfield code="a">AFNOR</subfield>
  </datafield>
  <datafield tag="200" ind1=" " ind2="1">
    <subfield code="7">ba0yba0y</subfield>
    <subfield code="9">0</subfield>
    <subfield code="a">Dahan</subfield>
    <subfield code="b">Joseph</subfield>
  </datafield>
  <datafield tag="340" ind1=" " ind2=" ">
    <subfield code="7">ba0yba0y</subfield>
    <subfield code="a">Compositeur</subfield>
  </datafield>
  <datafield tag="801" ind1=" " ind2="3">
    <subfield code="a">FR</subfield>
    <subfield code="b">Abes</subfield>
    <subfield code="c">20130415</subfield>
    <subfield code="g">AFNOR</subfield>
  </datafield>
  <datafield tag="810" ind1=" " ind2=" ">
    <subfield code="a">Camille redouble / Noémie Lvovsky, réal., scénario ; Florence Seyvos, Maud Ameline, Pierre-Olivier Mattei, scénario ; Gaëtan Roussel, Joseph Dahan, comp., 2013</subfield>
  </datafield>
  <datafield tag="900" ind1=" " ind2=" ">
    <subfield code="a">Dahan, Joseph</subfield>
  </datafield>
</record>