


<record>
  <leader>     cx  a22     3  45  </leader>
  <controlfield tag="001">174366744</controlfield>
  <controlfield tag="003">http://www.idref.fr/174366744</controlfield>
  <controlfield tag="004">20131121</controlfield>
  <controlfield tag="005">20160613114735.000</controlfield>
  <controlfield tag="006">315552331</controlfield>
  <controlfield tag="007">335222103</controlfield>
  <controlfield tag="008">Tp5</controlfield>
  <datafield tag="100" ind1=" " ind2=" ">
    <subfield code="a">20131121afrey50      ba0</subfield>
  </datafield>
  <datafield tag="101" ind1=" " ind2=" ">
    <subfield code="a">eng</subfield>
  </datafield>
  <datafield tag="102" ind1=" " ind2=" ">
    <subfield code="a">FR</subfield>
  </datafield>
  <datafield tag="103" ind1=" " ind2=" ">
    <subfield code="a"> 1965     </subfield>
  </datafield>
  <datafield tag="106" ind1=" " ind2=" ">
    <subfield code="a">0</subfield>
    <subfield code="b">1</subfield>
    <subfield code="c">0</subfield>
  </datafield>
  <datafield tag="120" ind1=" " ind2=" ">
    <subfield code="a">aa</subfield>
  </datafield>
  <datafield tag="152" ind1=" " ind2=" ">
    <subfield code="a">AFNOR</subfield>
  </datafield>
  <datafield tag="200" ind1=" " ind2="1">
    <subfield code="7">ba0yba0y</subfield>
    <subfield code="5">e|xxx</subfield>
    <subfield code="9">0</subfield>
    <subfield code="a">Galbraith</subfield>
    <subfield code="b">Robert</subfield>
    <subfield code="f">1965-...</subfield>
  </datafield>
  <datafield tag="340" ind1=" " ind2=" ">
    <subfield code="7">ba0yba0y</subfield>
    <subfield code="a">Pseudonyme de la romancière J. K. Rowling</subfield>
  </datafield>
  <datafield tag="500" ind1=" " ind2="1">
    <subfield code="3">050222937</subfield>
    <subfield code="5">f|xxx</subfield>
    <subfield code="7">ba0yba0y</subfield>
    <subfield code="a">Rowling</subfield>
    <subfield code="b">Joanne Kathleen</subfield>
    <subfield code="f">1965-....</subfield>
  </datafield>
  <datafield tag="801" ind1=" " ind2="3">
    <subfield code="a">FR</subfield>
    <subfield code="b">Abes</subfield>
    <subfield code="c">20160613</subfield>
    <subfield code="g">AFNOR</subfield>
  </datafield>
  <datafield tag="810" ind1=" " ind2=" ">
    <subfield code="a">L&apos;appel du coucou / Robert Galbraith, 2013</subfield>
  </datafield>
  <datafield tag="900" ind1=" " ind2=" ">
    <subfield code="a">Galbraith, Robert (1965-...)</subfield>
  </datafield>
</record>