


<record>
  <leader>     cx  a22     3  45  </leader>
  <controlfield tag="001">178839949</controlfield>
  <controlfield tag="003">http://www.idref.fr/178839949</controlfield>
  <controlfield tag="004">20140612</controlfield>
  <controlfield tag="005">20181001134721.000</controlfield>
  <controlfield tag="006">751062103</controlfield>
  <controlfield tag="007">751062103</controlfield>
  <controlfield tag="008">Tp5</controlfield>
  <datafield tag="033" ind1=" " ind2=" ">
    <subfield code="a">http://catalogue.bnf.fr/ark:/12148/cb167573311</subfield>
    <subfield code="2">BNF</subfield>
    <subfield code="d">20180110</subfield>
  </datafield>
  <datafield tag="035" ind1=" " ind2=" ">
    <subfield code="a">FRBNF167573314</subfield>
    <subfield code="z">FRBNF16757331</subfield>
  </datafield>
  <datafield tag="100" ind1=" " ind2=" ">
    <subfield code="a">20140612afrey50      ba0</subfield>
  </datafield>
  <datafield tag="101" ind1=" " ind2=" ">
    <subfield code="a">und</subfield>
  </datafield>
  <datafield tag="102" ind1=" " ind2=" ">
    <subfield code="a">FR</subfield>
  </datafield>
  <datafield tag="103" ind1=" " ind2=" ">
    <subfield code="a"> 16470416 </subfield>
    <subfield code="b"> 16850323 </subfield>
    <subfield code="c"> 1673?</subfield>
    <subfield code="d"> 1685 </subfield>
  </datafield>
  <datafield tag="106" ind1=" " ind2=" ">
    <subfield code="a">0</subfield>
    <subfield code="b">1</subfield>
    <subfield code="c">0</subfield>
  </datafield>
  <datafield tag="120" ind1=" " ind2=" ">
    <subfield code="a">ba</subfield>
  </datafield>
  <datafield tag="152" ind1=" " ind2=" ">
    <subfield code="a">AFNOR</subfield>
  </datafield>
  <datafield tag="200" ind1=" " ind2="1">
    <subfield code="7">ba0yba0y</subfield>
    <subfield code="9">1</subfield>
    <subfield code="a">Boyer</subfield>
    <subfield code="b">Jean</subfield>
    <subfield code="f">1647-1685</subfield>
  </datafield>
  <datafield tag="300" ind1=" " ind2=" ">
    <subfield code="7">ba0yba0y</subfield>
    <subfield code="a">Variante(s) de prénom : Johannes. - Imprimeur-libraire ; imprimeur et libraire de (Son Altesse Royale) Monseigneur le duc d&apos;Orléans ; imprimeur (et libraire) ordinaire du Roi. - Fils puîné de l&apos;imprimeur-libraire d&apos;Orléans François I Boyer. En activité dès 1673. Décédé à Orléans en mars 1685 ; sa veuve lui succède</subfield>
  </datafield>
  <datafield tag="340" ind1=" " ind2=" ">
    <subfield code="7">ba0yba0y</subfield>
    <subfield code="a">Lieu d&apos;activité : Orléans. Dates d&apos;activité : 1673?-1685. Adresse : (Au coin de la) Rue de l&apos;Écrivinerie (, devant le cloître Sainte-Croix)</subfield>
  </datafield>
  <datafield tag="400" ind1=" " ind2="1">
    <subfield code="7">ba0yba0y</subfield>
    <subfield code="8">frelat</subfield>
    <subfield code="9">#</subfield>
    <subfield code="a">Boyer</subfield>
    <subfield code="b">Joannes</subfield>
    <subfield code="f">1647-1685</subfield>
  </datafield>
  <datafield tag="700" ind1=" " ind2="1">
    <subfield code="7">ba0yba0y</subfield>
    <subfield code="8">frelat</subfield>
    <subfield code="9">0</subfield>
    <subfield code="a">Boyer</subfield>
    <subfield code="b">Jean</subfield>
    <subfield code="d">I</subfield>
    <subfield code="f">1647-1685</subfield>
  </datafield>
  <datafield tag="801" ind1=" " ind2="0">
    <subfield code="a">FR</subfield>
    <subfield code="b">FR-751131015</subfield>
    <subfield code="c">20140415</subfield>
  </datafield>
  <datafield tag="801" ind1=" " ind2="3">
    <subfield code="a">FR</subfield>
    <subfield code="b">Abes</subfield>
    <subfield code="c">20181001</subfield>
    <subfield code="g">AFNOR</subfield>
  </datafield>
  <datafield tag="810" ind1=" " ind2=" ">
    <subfield code="a">Herluison</subfield>
  </datafield>
  <datafield tag="810" ind1=" " ind2=" ">
    <subfield code="a">Goldsmith, STC French books</subfield>
  </datafield>
  <datafield tag="810" ind1=" " ind2=" ">
    <subfield code="a">Arbour, Femmes, 1470-1870</subfield>
  </datafield>
  <datafield tag="900" ind1=" " ind2=" ">
    <subfield code="a">Boyer, Jean (1647-1685)</subfield>
  </datafield>
  <datafield tag="901" ind1=" " ind2=" ">
    <subfield code="a">Boyer, Joannes (1647-1685)</subfield>
  </datafield>
  <datafield tag="902" ind1=" " ind2=" ">
    <subfield code="a">Boyer I, Jean (1647-1685)</subfield>
  </datafield>
</record>