


<record>
  <leader>     cx  a22     3  45  </leader>
  <controlfield tag="001">182273660</controlfield>
  <controlfield tag="003">http://www.idref.fr/182273660</controlfield>
  <controlfield tag="004">20141205</controlfield>
  <controlfield tag="005">20170511111617.000</controlfield>
  <controlfield tag="006">372612104</controlfield>
  <controlfield tag="007">774682101</controlfield>
  <controlfield tag="008">Tp5</controlfield>
  <datafield tag="100" ind1=" " ind2=" ">
    <subfield code="a">20141205afrey50      ba0</subfield>
  </datafield>
  <datafield tag="101" ind1=" " ind2=" ">
    <subfield code="a">fre</subfield>
  </datafield>
  <datafield tag="102" ind1=" " ind2=" ">
    <subfield code="a">FR</subfield>
  </datafield>
  <datafield tag="106" ind1=" " ind2=" ">
    <subfield code="a">0</subfield>
    <subfield code="b">1</subfield>
    <subfield code="c">0</subfield>
  </datafield>
  <datafield tag="120" ind1=" " ind2=" ">
    <subfield code="a">ba</subfield>
  </datafield>
  <datafield tag="152" ind1=" " ind2=" ">
    <subfield code="a">AFNOR</subfield>
  </datafield>
  <datafield tag="200" ind1=" " ind2="1">
    <subfield code="7">ba0yba0y</subfield>
    <subfield code="9">0</subfield>
    <subfield code="a">Boyer</subfield>
    <subfield code="b">Jean</subfield>
    <subfield code="f">19..-....</subfield>
    <subfield code="c">passionné d&apos;électronique</subfield>
  </datafield>
  <datafield tag="801" ind1=" " ind2="3">
    <subfield code="a">FR</subfield>
    <subfield code="b">Abes</subfield>
    <subfield code="c">20170511</subfield>
    <subfield code="g">AFNOR</subfield>
  </datafield>
  <datafield tag="810" ind1=" " ind2=" ">
    <subfield code="a">Réparez vous-même vos appareils électroniques / Jean Boyer, 2014</subfield>
  </datafield>
  <datafield tag="900" ind1=" " ind2=" ">
    <subfield code="a">Boyer, Jean (19..-.... ; passionné d&apos;électronique)</subfield>
  </datafield>
</record>