


<record>
  <leader>     nx  a22     3  45  </leader>
  <controlfield tag="001">194281108</controlfield>
  <controlfield tag="003">http://www.idref.fr/194281108</controlfield>
  <controlfield tag="004">20160711</controlfield>
  <controlfield tag="005">20160711104104.000</controlfield>
  <controlfield tag="006">751063002</controlfield>
  <controlfield tag="007">751063002</controlfield>
  <controlfield tag="008">Tp5</controlfield>
  <datafield tag="100" ind1=" " ind2=" ">
    <subfield code="a">20160711afrey50      ba0</subfield>
  </datafield>
  <datafield tag="101" ind1=" " ind2=" ">
    <subfield code="a">fre</subfield>
  </datafield>
  <datafield tag="102" ind1=" " ind2=" ">
    <subfield code="a">FR</subfield>
  </datafield>
  <datafield tag="103" ind1=" " ind2=" ">
    <subfield code="a"> 19..     </subfield>
  </datafield>
  <datafield tag="106" ind1=" " ind2=" ">
    <subfield code="a">0</subfield>
    <subfield code="b">1</subfield>
    <subfield code="c">0</subfield>
  </datafield>
  <datafield tag="120" ind1=" " ind2=" ">
    <subfield code="a">ba</subfield>
  </datafield>
  <datafield tag="152" ind1=" " ind2=" ">
    <subfield code="a">AFNOR</subfield>
  </datafield>
  <datafield tag="200" ind1=" " ind2="1">
    <subfield code="7">ba0yba0y</subfield>
    <subfield code="9">0</subfield>
    <subfield code="a">Foucault</subfield>
    <subfield code="b">Michel</subfield>
    <subfield code="f">19..-....</subfield>
  </datafield>
  <datafield tag="300" ind1="0" ind2=" ">
    <subfield code="7">ba0yba0y</subfield>
    <subfield code="a">L&apos;auteur de la thèse de 3e cycle en géographie à l&apos;Université Paris 4, en 1973</subfield>
  </datafield>
  <datafield tag="801" ind1=" " ind2="3">
    <subfield code="a">FR</subfield>
    <subfield code="b">Abes</subfield>
    <subfield code="c">20160711</subfield>
    <subfield code="g">AFNOR</subfield>
  </datafield>
  <datafield tag="810" ind1=" " ind2=" ">
    <subfield code="a">La Croissance des entreprises françaises fabriquant des aliments composés : étude d&apos;économie rurale / Michel Foucault ; sous la dir. de Pierre Coutin, 1972</subfield>
  </datafield>
  <datafield tag="900" ind1=" " ind2=" ">
    <subfield code="a">Foucault, Michel (19..-....)</subfield>
  </datafield>
</record>