


<record>
  <leader>     nx  a22     3  45  </leader>
  <controlfield tag="001">197531938</controlfield>
  <controlfield tag="003">http://www.idref.fr/197531938</controlfield>
  <controlfield tag="004">20170110</controlfield>
  <controlfield tag="005">20170110133253.000</controlfield>
  <controlfield tag="006">352382101</controlfield>
  <controlfield tag="007">352382101</controlfield>
  <controlfield tag="008">Tp5</controlfield>
  <datafield tag="100" ind1=" " ind2=" ">
    <subfield code="a">20170110afrey50      ba0</subfield>
  </datafield>
  <datafield tag="101" ind1=" " ind2=" ">
    <subfield code="a">eng</subfield>
  </datafield>
  <datafield tag="102" ind1=" " ind2=" ">
    <subfield code="a">GB</subfield>
  </datafield>
  <datafield tag="103" ind1=" " ind2=" ">
    <subfield code="a"> 1660     </subfield>
    <subfield code="b"> 1716     </subfield>
  </datafield>
  <datafield tag="106" ind1=" " ind2=" ">
    <subfield code="a">0</subfield>
    <subfield code="b">1</subfield>
    <subfield code="c">0</subfield>
  </datafield>
  <datafield tag="120" ind1=" " ind2=" ">
    <subfield code="a">ba</subfield>
  </datafield>
  <datafield tag="152" ind1=" " ind2=" ">
    <subfield code="a">AFNOR</subfield>
  </datafield>
  <datafield tag="200" ind1=" " ind2=" ">
    <subfield code="7">ba0yba0y</subfield>
    <subfield code="a">Fleming</subfield>
    <subfield code="b">Robert</subfield>
    <subfield code="f">[1660 ?]-1716</subfield>
  </datafield>
  <datafield tag="340" ind1=" " ind2=" ">
    <subfield code="7">ba0yba0y</subfield>
    <subfield code="a">Ministre presbytérien écossais</subfield>
  </datafield>
  <datafield tag="801" ind1=" " ind2="3">
    <subfield code="a">FR</subfield>
    <subfield code="b">Abes</subfield>
    <subfield code="c">20170110</subfield>
    <subfield code="g">AFNOR</subfield>
  </datafield>
  <datafield tag="810" ind1=" " ind2=" ">
    <subfield code="a">The rise and fall of papacy / by the Rev. Robert Fleming, junr / edited, with a memoir of the author by the rev. Thomas Thomson, 1848</subfield>
  </datafield>
  <datafield tag="900" ind1=" " ind2=" ">
    <subfield code="a">Fleming, Robert ([1660 ?]-1716)</subfield>
  </datafield>
</record>