


<record>
  <leader>     nx  a22     3  45  </leader>
  <controlfield tag="001">204225426</controlfield>
  <controlfield tag="003">http://www.idref.fr/204225426</controlfield>
  <controlfield tag="004">20170925</controlfield>
  <controlfield tag="005">20170925111154.000</controlfield>
  <controlfield tag="006">930662101</controlfield>
  <controlfield tag="007">930662101</controlfield>
  <controlfield tag="008">Tp5</controlfield>
  <datafield tag="100" ind1=" " ind2=" ">
    <subfield code="a">20170925afrey50      ba0</subfield>
  </datafield>
  <datafield tag="101" ind1=" " ind2=" ">
    <subfield code="a">eng</subfield>
  </datafield>
  <datafield tag="102" ind1=" " ind2=" ">
    <subfield code="a">US</subfield>
  </datafield>
  <datafield tag="103" ind1=" " ind2=" ">
    <subfield code="a"> 19       </subfield>
  </datafield>
  <datafield tag="106" ind1=" " ind2=" ">
    <subfield code="a">0</subfield>
    <subfield code="b">1</subfield>
    <subfield code="c">0</subfield>
  </datafield>
  <datafield tag="152" ind1=" " ind2=" ">
    <subfield code="a">AFNOR</subfield>
  </datafield>
  <datafield tag="200" ind1=" " ind2="1">
    <subfield code="7">ba0yba0y</subfield>
    <subfield code="9">0</subfield>
    <subfield code="a">Fleming</subfield>
    <subfield code="b">Robert L.</subfield>
  </datafield>
  <datafield tag="340" ind1=" " ind2=" ">
    <subfield code="7">ba0yba0y</subfield>
    <subfield code="a">Enseigne à la Future generations university,Etats-Unis (en 2007)</subfield>
  </datafield>
  <datafield tag="801" ind1=" " ind2="3">
    <subfield code="a">FR</subfield>
    <subfield code="b">Abes</subfield>
    <subfield code="c">20170925</subfield>
    <subfield code="g">AFNOR</subfield>
  </datafield>
  <datafield tag="810" ind1=" " ind2=" ">
    <subfield code="a">Across the Tibetan plateau : ecosystems, wildlife &amp; conservation / Robert L. Fleming, Jr., Dorje Tsering, Liu Wulin ; with a foreword by Jimmy Carter, 2007</subfield>
  </datafield>
  <datafield tag="900" ind1=" " ind2=" ">
    <subfield code="a">Fleming, Robert L.</subfield>
  </datafield>
</record>