


<record>
  <leader>     cx  a22     3  45  </leader>
  <controlfield tag="001">225657015</controlfield>
  <controlfield tag="003">http://www.idref.fr/225657015</controlfield>
  <controlfield tag="004">20180409</controlfield>
  <controlfield tag="005">20180410032349.000</controlfield>
  <controlfield tag="006">620412210</controlfield>
  <controlfield tag="007">4994</controlfield>
  <controlfield tag="008">Tp5</controlfield>
  <datafield tag="010" ind1=" " ind2=" ">
    <subfield code="a">0000000078284737</subfield>
    <subfield code="2">BNF</subfield>
    <subfield code="d">20180410</subfield>
  </datafield>
  <datafield tag="033" ind1=" " ind2=" ">
    <subfield code="a">http://catalogue.bnf.fr/ark:/12148/cb14835041h</subfield>
    <subfield code="2">BNF</subfield>
    <subfield code="d">20150921</subfield>
  </datafield>
  <datafield tag="035" ind1=" " ind2=" ">
    <subfield code="a">FRBNF148350417</subfield>
    <subfield code="z">FRBNF14835041</subfield>
  </datafield>
  <datafield tag="100" ind1=" " ind2=" ">
    <subfield code="a">20180409afrey50      ba0</subfield>
  </datafield>
  <datafield tag="102" ind1=" " ind2=" ">
    <subfield code="a">FR</subfield>
  </datafield>
  <datafield tag="103" ind1=" " ind2=" ">
    <subfield code="a"> 19220228 </subfield>
  </datafield>
  <datafield tag="106" ind1=" " ind2=" ">
    <subfield code="a">0</subfield>
    <subfield code="b">1</subfield>
    <subfield code="c">0</subfield>
  </datafield>
  <datafield tag="120" ind1=" " ind2=" ">
    <subfield code="a">ba</subfield>
  </datafield>
  <datafield tag="152" ind1=" " ind2=" ">
    <subfield code="a">AFNOR</subfield>
  </datafield>
  <datafield tag="200" ind1=" " ind2="1">
    <subfield code="7">ba0yba0y</subfield>
    <subfield code="9">0</subfield>
    <subfield code="a">Liferman</subfield>
    <subfield code="b">Georges</subfield>
    <subfield code="f">1922-....</subfield>
  </datafield>
  <datafield tag="300" ind1=" " ind2=" ">
    <subfield code="7">ba0yba0y</subfield>
    <subfield code="a">Compositeur de chansons et d&apos;opérettes</subfield>
  </datafield>
  <datafield tag="400" ind1=" " ind2="1">
    <subfield code="7">ba0yba0y</subfield>
    <subfield code="9">#</subfield>
    <subfield code="a">Lifermann</subfield>
    <subfield code="b">Georges</subfield>
    <subfield code="f">1922-....</subfield>
  </datafield>
  <datafield tag="400" ind1=" " ind2="1">
    <subfield code="5">e|xxx</subfield>
    <subfield code="7">ba0yba0y</subfield>
    <subfield code="9">#</subfield>
    <subfield code="a">Wimple</subfield>
    <subfield code="b">Eddie</subfield>
    <subfield code="f">1922-....</subfield>
  </datafield>
  <datafield tag="801" ind1=" " ind2="0">
    <subfield code="a">FR</subfield>
    <subfield code="b">BnF</subfield>
    <subfield code="c">20100518</subfield>
  </datafield>
  <datafield tag="801" ind1=" " ind2="3">
    <subfield code="a">FR</subfield>
    <subfield code="b">Abes</subfield>
    <subfield code="c">20180410</subfield>
    <subfield code="g">AFNOR</subfield>
  </datafield>
  <datafield tag="810" ind1=" " ind2=" ">
    <subfield code="a">Scaramouche [Musique imprimée] : opérette en 2 actes / livret et lyrics de Jean-Claude Delhumeau et Edgar Duvivier ; musique de Georges Liferman, 1986</subfield>
  </datafield>
  <datafield tag="810" ind1=" " ind2=" ">
    <subfield code="a">SACEM, 1971</subfield>
  </datafield>
  <datafield tag="810" ind1=" " ind2=" ">
    <subfield code="a">Opérette, théâtre musical - http://perso.wanadoo.fr/anao (2005-07-19)</subfield>
  </datafield>
  <datafield tag="900" ind1=" " ind2=" ">
    <subfield code="a">Liferman, Georges (1922-....)</subfield>
  </datafield>
  <datafield tag="901" ind1=" " ind2=" ">
    <subfield code="a">Lifermann, Georges (1922-....)</subfield>
  </datafield>
  <datafield tag="901" ind1=" " ind2=" ">
    <subfield code="a">Wimple, Eddie (1922-....)</subfield>
  </datafield>
</record>