


<record>
  <leader>     cx  a22     3  45  </leader>
  <controlfield tag="001">225857022</controlfield>
  <controlfield tag="003">http://www.idref.fr/225857022</controlfield>
  <controlfield tag="004">20180416</controlfield>
  <controlfield tag="005">20181001133650.000</controlfield>
  <controlfield tag="006">751052116</controlfield>
  <controlfield tag="007">751052116</controlfield>
  <controlfield tag="008">Tp5</controlfield>
  <datafield tag="033" ind1=" " ind2=" ">
    <subfield code="a">http://catalogue.bnf.fr/ark:/12148/cb10730719b</subfield>
    <subfield code="2">BNF</subfield>
    <subfield code="d">20180110</subfield>
  </datafield>
  <datafield tag="035" ind1=" " ind2=" ">
    <subfield code="a">FRBNF107307191</subfield>
    <subfield code="z">FRBNF10730719</subfield>
  </datafield>
  <datafield tag="100" ind1=" " ind2=" ">
    <subfield code="a">20180416afrey50      ba0</subfield>
  </datafield>
  <datafield tag="101" ind1=" " ind2=" ">
    <subfield code="a">fre</subfield>
  </datafield>
  <datafield tag="102" ind1=" " ind2=" ">
    <subfield code="a">FR</subfield>
  </datafield>
  <datafield tag="103" ind1=" " ind2=" ">
    <subfield code="a"> 18150305 </subfield>
    <subfield code="b"> 18950203 </subfield>
  </datafield>
  <datafield tag="106" ind1=" " ind2=" ">
    <subfield code="a">0</subfield>
    <subfield code="b">1</subfield>
    <subfield code="c">0</subfield>
  </datafield>
  <datafield tag="120" ind1=" " ind2=" ">
    <subfield code="a">ba</subfield>
  </datafield>
  <datafield tag="152" ind1=" " ind2=" ">
    <subfield code="a">AFNOR</subfield>
  </datafield>
  <datafield tag="200" ind1=" " ind2="1">
    <subfield code="7">ba0yba0y</subfield>
    <subfield code="9">0</subfield>
    <subfield code="a">Lemoine</subfield>
    <subfield code="b">Alexandre</subfield>
    <subfield code="f">1815-1895</subfield>
  </datafield>
  <datafield tag="300" ind1=" " ind2=" ">
    <subfield code="7">ba0yba0y</subfield>
    <subfield code="a">Compositeur. - Professeur de musique au lycée de Vendôme, Loir-et-Cher. - Maître de chapelle de la cathédrale d&apos;Orléans, Loiret (1865-1890)</subfield>
  </datafield>
  <datafield tag="340" ind1=" " ind2=" ">
    <subfield code="7">ba0yba0y</subfield>
    <subfield code="a">Lieu de naissance Colmar (Haut-Rhin). Lieu de décès Vendôme (Loir-et-Cher)</subfield>
  </datafield>
  <datafield tag="801" ind1=" " ind2="0">
    <subfield code="a">FR</subfield>
    <subfield code="b">FR-751131015</subfield>
    <subfield code="c">20140416</subfield>
  </datafield>
  <datafield tag="801" ind1=" " ind2="3">
    <subfield code="a">FR</subfield>
    <subfield code="b">Abes</subfield>
    <subfield code="c">20181001</subfield>
    <subfield code="g">AFNOR</subfield>
  </datafield>
  <datafield tag="810" ind1=" " ind2=" ">
    <subfield code="a">Cours théorique de musique élémentaire et de plain-chant (suivi de) notions sommaires sur les moyens d&apos;exécution musicale / par Alexandre Lemoine, 1841</subfield>
  </datafield>
  <datafield tag="810" ind1=" " ind2=" ">
    <subfield code="a">Messe des pensionnats, avec accompagnement d&apos;orgue [Musique imprimée] / par Alexandre Lemoine, 1891</subfield>
  </datafield>
  <datafield tag="810" ind1=" " ind2=" ">
    <subfield code="a">Fétis</subfield>
  </datafield>
  <datafield tag="810" ind1=" " ind2=" ">
    <subfield code="a">Alexandre Lemoine, maître de chapelle de la cathédrale d&apos;Orléans, biographie et oeuvres / Jules Brosset, 1907. In : Bulletin de la société archéologique, scientifique et littéraire du Vendômois, ISSN 1153-2505 ; Vol. XLVI, [p. 47-58]</subfield>
  </datafield>
  <datafield tag="810" ind1=" " ind2=" ">
    <subfield code="a">BN Cat. gén</subfield>
  </datafield>
  <datafield tag="900" ind1=" " ind2=" ">
    <subfield code="a">Lemoine, Alexandre (1815-1895)</subfield>
  </datafield>
</record>