


<record>
  <leader>     nx  a22     3  45  </leader>
  <controlfield tag="001">227487788</controlfield>
  <controlfield tag="003">http://www.idref.fr/227487788</controlfield>
  <controlfield tag="004">20180608</controlfield>
  <controlfield tag="005">20180608152324.000</controlfield>
  <controlfield tag="006">751062112</controlfield>
  <controlfield tag="007">751062112</controlfield>
  <controlfield tag="008">Tp5</controlfield>
  <datafield tag="033" ind1=" " ind2=" ">
    <subfield code="a">http://catalogue.bnf.fr/ark:/12148/cb17738280x</subfield>
    <subfield code="2">BNF</subfield>
    <subfield code="d">20180606</subfield>
  </datafield>
  <datafield tag="035" ind1=" " ind2=" ">
    <subfield code="a">FRBNF177382802</subfield>
    <subfield code="z">FRBNF17738280</subfield>
    <subfield code="d">20180606</subfield>
  </datafield>
  <datafield tag="100" ind1=" " ind2=" ">
    <subfield code="a">20180608afrey50      ba0</subfield>
  </datafield>
  <datafield tag="101" ind1=" " ind2=" ">
    <subfield code="a">eng</subfield>
  </datafield>
  <datafield tag="102" ind1=" " ind2=" ">
    <subfield code="a">GB</subfield>
  </datafield>
  <datafield tag="103" ind1=" " ind2=" ">
    <subfield code="a"> 1862     </subfield>
    <subfield code="b"> 1942     </subfield>
  </datafield>
  <datafield tag="106" ind1=" " ind2=" ">
    <subfield code="a">0</subfield>
    <subfield code="b">1</subfield>
    <subfield code="c">0</subfield>
  </datafield>
  <datafield tag="120" ind1=" " ind2=" ">
    <subfield code="a">ba</subfield>
  </datafield>
  <datafield tag="152" ind1=" " ind2=" ">
    <subfield code="a">AFNOR</subfield>
  </datafield>
  <datafield tag="200" ind1=" " ind2="1">
    <subfield code="7">ba0yba0y</subfield>
    <subfield code="9">0</subfield>
    <subfield code="a">Hardy</subfield>
    <subfield code="b">Paul</subfield>
    <subfield code="f">1862-1942</subfield>
  </datafield>
  <datafield tag="300" ind1=" " ind2=" ">
    <subfield code="7">ba0yba0y</subfield>
    <subfield code="a">Illustrateur, peintre, graveur. - A collaboré au &quot;Strand magazine</subfield>
  </datafield>
  <datafield tag="340" ind1=" " ind2=" ">
    <subfield code="7">ba0yba0y</subfield>
    <subfield code="a">Lieu de naissance Bath (Grande-Bretagne). Lieu de décès Storrington (Grande-Bretagne)</subfield>
  </datafield>
  <datafield tag="400" ind1=" " ind2="1">
    <subfield code="7">ba0yba0y</subfield>
    <subfield code="9">0</subfield>
    <subfield code="a">Hardy</subfield>
    <subfield code="b">David Paul Frederick</subfield>
  </datafield>
  <datafield tag="801" ind1=" " ind2="0">
    <subfield code="a">FR</subfield>
    <subfield code="b">FR-751131015</subfield>
    <subfield code="c">20180531</subfield>
  </datafield>
  <datafield tag="801" ind1=" " ind2="3">
    <subfield code="a">FR</subfield>
    <subfield code="b">Abes</subfield>
    <subfield code="c">20180608</subfield>
    <subfield code="g">AFNOR</subfield>
  </datafield>
  <datafield tag="810" ind1=" " ind2=" ">
    <subfield code="a">Les énigmes de Canterbury. Tome 2 [Texte imprimé] / Henry E. Dudeney ; gravures d&apos;Henry E. Dudeney &amp; Paul Hardy ; traduit et adapté de l&apos;anglais par François Montmirel. - [Suresnes] : Fantaisium, DL 2018</subfield>
  </datafield>
  <datafield tag="810" ind1=" " ind2=" ">
    <subfield code="a">Wikipédia (anglais) - https://en.wikipedia.org/wiki/Paul_Hardy_%28illustrator%29 (2018-05-31)</subfield>
  </datafield>
  <datafield tag="810" ind1=" " ind2=" ">
    <subfield code="a">http://www.britishmuseum.org/research/search_the_collection_database/term_details.aspx?bioId=121989(08-06-2018)</subfield>
  </datafield>
  <datafield tag="900" ind1=" " ind2=" ">
    <subfield code="a">Hardy, Paul (1862-1942)</subfield>
  </datafield>
  <datafield tag="901" ind1=" " ind2=" ">
    <subfield code="a">Hardy, David Paul Frederick</subfield>
  </datafield>
</record>