


<record>
  <leader>     cx  a22     3  45  </leader>
  <controlfield tag="001">228960681</controlfield>
  <controlfield tag="003">http://www.idref.fr/228960681</controlfield>
  <controlfield tag="004">20180716</controlfield>
  <controlfield tag="005">20180907145312.000</controlfield>
  <controlfield tag="006">130012101</controlfield>
  <controlfield tag="007">751182102</controlfield>
  <controlfield tag="008">Tp5</controlfield>
  <datafield tag="010" ind1=" " ind2=" ">
    <subfield code="a">0000000464144089</subfield>
    <subfield code="2">BNF</subfield>
    <subfield code="d">20180828</subfield>
  </datafield>
  <datafield tag="033" ind1=" " ind2=" ">
    <subfield code="a">http://catalogue.bnf.fr/ark:/12148/cb17122702t</subfield>
    <subfield code="2">BNF</subfield>
    <subfield code="d">20170509</subfield>
  </datafield>
  <datafield tag="035" ind1=" " ind2=" ">
    <subfield code="a">FRBNF171227026</subfield>
    <subfield code="z">FRBNF17122702</subfield>
  </datafield>
  <datafield tag="100" ind1=" " ind2=" ">
    <subfield code="a">20180716afrey50      ba0</subfield>
  </datafield>
  <datafield tag="101" ind1=" " ind2=" ">
    <subfield code="a">fre</subfield>
  </datafield>
  <datafield tag="102" ind1=" " ind2=" ">
    <subfield code="a">FR</subfield>
  </datafield>
  <datafield tag="103" ind1=" " ind2=" ">
    <subfield code="a"> 19901117 </subfield>
  </datafield>
  <datafield tag="106" ind1=" " ind2=" ">
    <subfield code="a">0</subfield>
    <subfield code="b">1</subfield>
    <subfield code="c">0</subfield>
  </datafield>
  <datafield tag="120" ind1=" " ind2=" ">
    <subfield code="a">aa</subfield>
  </datafield>
  <datafield tag="152" ind1=" " ind2=" ">
    <subfield code="a">AFNOR</subfield>
  </datafield>
  <datafield tag="200" ind1=" " ind2="1">
    <subfield code="7">ba0yba0y</subfield>
    <subfield code="9">0</subfield>
    <subfield code="a">Pépin</subfield>
    <subfield code="b">Camille</subfield>
    <subfield code="f">1990-....</subfield>
  </datafield>
  <datafield tag="300" ind1=" " ind2=" ">
    <subfield code="7">ba0yba0y</subfield>
    <subfield code="a">Compositrice</subfield>
  </datafield>
  <datafield tag="801" ind1=" " ind2="0">
    <subfield code="a">FR</subfield>
    <subfield code="b">FR-751131015</subfield>
    <subfield code="c">20170426</subfield>
  </datafield>
  <datafield tag="801" ind1=" " ind2="3">
    <subfield code="a">FR</subfield>
    <subfield code="b">Abes</subfield>
    <subfield code="c">20180907</subfield>
    <subfield code="g">AFNOR</subfield>
  </datafield>
  <datafield tag="810" ind1=" " ind2=" ">
    <subfield code="a">Sonnets [Musique imprimée] : hommage à Henri Dutilleux : pour soprano, flûte alto, cor anglais, basson et piano / Camille Pepin ; [poèmes de Charles Baudelaire]. - Paris : Jobert Éditions, cop. 2016</subfield>
  </datafield>
  <datafield tag="810" ind1=" " ind2=" ">
    <subfield code="a">Wikipedia - https://fr.wikipedia.org/wiki/Camille_Pepin (2017-04-25)</subfield>
  </datafield>
  <datafield tag="900" ind1=" " ind2=" ">
    <subfield code="a">Pépin, Camille (1990-....)</subfield>
  </datafield>
</record>