


<record>
  <leader>     nx  a22     3  45  </leader>
  <controlfield tag="001">231138164</controlfield>
  <controlfield tag="003">http://www.idref.fr/231138164</controlfield>
  <controlfield tag="004">20181025</controlfield>
  <controlfield tag="005">20181025142851.000</controlfield>
  <controlfield tag="006">751052101</controlfield>
  <controlfield tag="007">751052101</controlfield>
  <controlfield tag="008">Tp5</controlfield>
  <datafield tag="033" ind1=" " ind2=" ">
    <subfield code="a">http://catalogue.bnf.fr/ark:/12148/cb17753596b</subfield>
    <subfield code="2">BNF</subfield>
    <subfield code="d">20180828</subfield>
  </datafield>
  <datafield tag="035" ind1=" " ind2=" ">
    <subfield code="a">FRBNF177535963</subfield>
    <subfield code="z">FRBNF17753596</subfield>
    <subfield code="d">20180828</subfield>
  </datafield>
  <datafield tag="100" ind1=" " ind2=" ">
    <subfield code="a">20181025afrey50      ba0</subfield>
  </datafield>
  <datafield tag="101" ind1=" " ind2=" ">
    <subfield code="a">fre</subfield>
  </datafield>
  <datafield tag="102" ind1=" " ind2=" ">
    <subfield code="a">FR</subfield>
  </datafield>
  <datafield tag="103" ind1=" " ind2=" ">
    <subfield code="a"> 19610305 </subfield>
  </datafield>
  <datafield tag="106" ind1=" " ind2=" ">
    <subfield code="a">0</subfield>
    <subfield code="b">1</subfield>
    <subfield code="c">0</subfield>
  </datafield>
  <datafield tag="120" ind1=" " ind2=" ">
    <subfield code="a">ba</subfield>
  </datafield>
  <datafield tag="152" ind1=" " ind2=" ">
    <subfield code="a">AFNOR</subfield>
  </datafield>
  <datafield tag="200" ind1=" " ind2="1">
    <subfield code="7">ba0yba0y</subfield>
    <subfield code="9">0</subfield>
    <subfield code="a">Clément</subfield>
    <subfield code="b">Dominique</subfield>
    <subfield code="f">1961-....</subfield>
  </datafield>
  <datafield tag="300" ind1=" " ind2=" ">
    <subfield code="7">ba0yba0y</subfield>
    <subfield code="a">Ornithologue. - Coordinateur de l&apos;association &quot;Aude nature&quot; (en 2018)</subfield>
  </datafield>
  <datafield tag="801" ind1=" " ind2="0">
    <subfield code="a">FR</subfield>
    <subfield code="b">FR-751131015</subfield>
    <subfield code="c">20180807</subfield>
  </datafield>
  <datafield tag="801" ind1=" " ind2="3">
    <subfield code="a">FR</subfield>
    <subfield code="b">Abes</subfield>
    <subfield code="c">20181025</subfield>
    <subfield code="g">AFNOR</subfield>
  </datafield>
  <datafield tag="810" ind1=" " ind2=" ">
    <subfield code="a">Le panorama des oiseaux migrateurs [Texte imprimé] / Marie Weill ; entretiens avec Dominique Clément ; dessins, Alban Larousse. - Sigean : Parc naturel régional de la Narbonnaise en Méditerranée, impr. 2018</subfield>
  </datafield>
  <datafield tag="900" ind1=" " ind2=" ">
    <subfield code="a">Clément, Dominique (1961-....)</subfield>
  </datafield>
</record>