


<record>
  <leader>     cx  a22     3  45  </leader>
  <controlfield tag="001">02670305X</controlfield>
  <controlfield tag="003">http://www.idref.fr/02670305X</controlfield>
  <controlfield tag="004">19741227</controlfield>
  <controlfield tag="005">20190604180656.000</controlfield>
  <controlfield tag="006">0004</controlfield>
  <controlfield tag="007">4994</controlfield>
  <controlfield tag="008">Tp5</controlfield>
  <datafield tag="010" ind1=" " ind2=" ">
    <subfield code="a">0000000123478072</subfield>
    <subfield code="2">BNF</subfield>
    <subfield code="d">20171024</subfield>
  </datafield>
  <datafield tag="033" ind1=" " ind2=" ">
    <subfield code="a">http://catalogue.bnf.fr/ark:/12148/cb118900414</subfield>
    <subfield code="2">BNF</subfield>
    <subfield code="d">20150918</subfield>
  </datafield>
  <datafield tag="035" ind1=" " ind2=" ">
    <subfield code="a">027268462</subfield>
    <subfield code="9">sudoc</subfield>
  </datafield>
  <datafield tag="035" ind1=" " ind2=" ">
    <subfield code="a">175035717</subfield>
    <subfield code="9">sudoc</subfield>
  </datafield>
  <datafield tag="035" ind1=" " ind2=" ">
    <subfield code="a">frBN000430781</subfield>
  </datafield>
  <datafield tag="035" ind1=" " ind2=" ">
    <subfield code="a">frBN001560984</subfield>
  </datafield>
  <datafield tag="035" ind1=" " ind2=" ">
    <subfield code="a">FRBNF118900410</subfield>
    <subfield code="z">FRBNF11890041</subfield>
  </datafield>
  <datafield tag="100" ind1=" " ind2=" ">
    <subfield code="a">19741227afrey50      ba0</subfield>
  </datafield>
  <datafield tag="101" ind1=" " ind2=" ">
    <subfield code="a">fre</subfield>
  </datafield>
  <datafield tag="102" ind1=" " ind2=" ">
    <subfield code="a">FR</subfield>
  </datafield>
  <datafield tag="103" ind1=" " ind2=" ">
    <subfield code="a"> 17990520 </subfield>
    <subfield code="b"> 18500818 </subfield>
  </datafield>
  <datafield tag="106" ind1=" " ind2=" ">
    <subfield code="a">0</subfield>
    <subfield code="b">1</subfield>
    <subfield code="c">0</subfield>
  </datafield>
  <datafield tag="120" ind1=" " ind2=" ">
    <subfield code="a">ba</subfield>
  </datafield>
  <datafield tag="152" ind1=" " ind2=" ">
    <subfield code="a">AFNOR</subfield>
  </datafield>
  <datafield tag="200" ind1=" " ind2="1">
    <subfield code="7">ba0yba0y</subfield>
    <subfield code="8">frefre</subfield>
    <subfield code="9">0</subfield>
    <subfield code="a">Balzac</subfield>
    <subfield code="b">Honoré de</subfield>
    <subfield code="f">1799-1850</subfield>
  </datafield>
  <datafield tag="340" ind1=" " ind2=" ">
    <subfield code="7">ba0yba0y</subfield>
    <subfield code="a">Romancier, auteur dramatique, imprimeur, fondeur de caractères et éditeur. Se lance dans l&apos;édition de classiques illustrés en 1825. Breveté imprimeur le 1er juin 1826. S&apos;associe en 1827 avec le prote de son imprimerie, André Barbier, pour monter une fonderie de caractères. En faillite en 1828, il cède l&apos;entreprise à son associé, qui sera breveté imprimeur le 26 sept. 1828. Né à Tours, mort à Paris</subfield>
  </datafield>
  <datafield tag="340" ind1=" " ind2=" ">
    <subfield code="7">ba0yba0y</subfield>
    <subfield code="a">Adresse : Paris (1825-1828), Rue des Marais-Saint-Germain (n° 17)</subfield>
  </datafield>
  <datafield tag="400" ind1=" " ind2="1">
    <subfield code="5">e|xxx</subfield>
    <subfield code="7">ba0yba0y</subfield>
    <subfield code="9">#</subfield>
    <subfield code="a">Balzac</subfield>
    <subfield code="b">Honoré</subfield>
  </datafield>
  <datafield tag="400" ind1=" " ind2="1">
    <subfield code="5">e|xxx</subfield>
    <subfield code="7">ba0yba0y</subfield>
    <subfield code="9">#</subfield>
    <subfield code="a">Jeune célibataire</subfield>
    <subfield code="b">Un</subfield>
  </datafield>
  <datafield tag="400" ind1=" " ind2="0">
    <subfield code="5">e|xxx</subfield>
    <subfield code="7">ba0yba0y</subfield>
    <subfield code="9">#</subfield>
    <subfield code="a">Lord R&apos;Hoone</subfield>
  </datafield>
  <datafield tag="400" ind1=" " ind2="1">
    <subfield code="5">e|xxx</subfield>
    <subfield code="7">ba0yba0y</subfield>
    <subfield code="9">#</subfield>
    <subfield code="a">R&apos;Hoone</subfield>
    <subfield code="b">Lord</subfield>
  </datafield>
  <datafield tag="400" ind1=" " ind2="1">
    <subfield code="5">e|xxx</subfield>
    <subfield code="7">ba0yba0y</subfield>
    <subfield code="9">#</subfield>
    <subfield code="a">Saint-Aubin</subfield>
    <subfield code="b">Horace de</subfield>
  </datafield>
  <datafield tag="400" ind1=" " ind2="0">
    <subfield code="5">e|xxx</subfield>
    <subfield code="7">ba0yba0y</subfield>
    <subfield code="9">#</subfield>
    <subfield code="a">Abbé Savonati</subfield>
  </datafield>
  <datafield tag="400" ind1=" " ind2="0">
    <subfield code="5">e|xxx</subfield>
    <subfield code="7">ba0yba0y</subfield>
    <subfield code="9">#</subfield>
    <subfield code="a">Instituteur Matricante</subfield>
  </datafield>
  <datafield tag="400" ind1=" " ind2="1">
    <subfield code="5">e|xxx</subfield>
    <subfield code="7">ba0yba0y</subfield>
    <subfield code="9">#</subfield>
    <subfield code="a">Matricante</subfield>
    <subfield code="b">Instituteur</subfield>
  </datafield>
  <datafield tag="400" ind1=" " ind2="1">
    <subfield code="5">e|xxx</subfield>
    <subfield code="7">ba0yba0y</subfield>
    <subfield code="9">#</subfield>
    <subfield code="a">O&apos;Rhoone</subfield>
    <subfield code="b">Lord</subfield>
  </datafield>
  <datafield tag="400" ind1=" " ind2="1">
    <subfield code="5">e|xxx</subfield>
    <subfield code="7">ba0yba0y</subfield>
    <subfield code="9">#</subfield>
    <subfield code="a">Savonati</subfield>
    <subfield code="b">Abbé</subfield>
  </datafield>
  <datafield tag="400" ind1=" " ind2="1">
    <subfield code="5">e|xxx</subfield>
    <subfield code="7">ba0yba0y</subfield>
    <subfield code="9">#</subfield>
    <subfield code="a">Villerglé</subfield>
    <subfield code="b">A. de</subfield>
  </datafield>
  <datafield tag="400" ind1=" " ind2="0">
    <subfield code="5">e|xxx</subfield>
    <subfield code="7">ba0yba0y</subfield>
    <subfield code="9">#</subfield>
    <subfield code="a">Saint Aubin de Poitiers</subfield>
  </datafield>
  <datafield tag="400" ind1=" " ind2="0">
    <subfield code="5">e|xxx</subfield>
    <subfield code="7">ba0yba0y</subfield>
    <subfield code="9">#</subfield>
    <subfield code="a">Saint Aubin</subfield>
    <subfield code="f">1799-1850</subfield>
    <subfield code="c">de Poitiers</subfield>
  </datafield>
  <datafield tag="400" ind1=" " ind2="1">
    <subfield code="5">e|xxx</subfield>
    <subfield code="7">ba0yba0y</subfield>
    <subfield code="9">#</subfield>
    <subfield code="a">Saint-Aubin</subfield>
    <subfield code="b">Horace de</subfield>
  </datafield>
  <datafield tag="400" ind1=" " ind2="1">
    <subfield code="5">e|xxx</subfield>
    <subfield code="7">ba0yba0y</subfield>
    <subfield code="9">#</subfield>
    <subfield code="a">Poitiers</subfield>
    <subfield code="b">Saint Aubin de</subfield>
  </datafield>
  <datafield tag="400" ind1=" " ind2=" ">
    <subfield code="6">a01</subfield>
    <subfield code="7">ba0yea0y</subfield>
    <subfield code="9">#</subfield>
    <subfield code="a">巴爾札克</subfield>
  </datafield>
  <datafield tag="400" ind1=" " ind2=" ">
    <subfield code="6">a01</subfield>
    <subfield code="7">ba0yba0a</subfield>
    <subfield code="9">#</subfield>
    <subfield code="a">Ba&apos;erzhake</subfield>
  </datafield>
  <datafield tag="400" ind1=" " ind2="1">
    <subfield code="6">a02</subfield>
    <subfield code="7">ba0yfa1y</subfield>
    <subfield code="8">freper</subfield>
    <subfield code="9">#</subfield>
    <subfield code="a">بالزاک</subfield>
    <subfield code="b">انوره دو</subfield>
  </datafield>
  <datafield tag="400" ind1=" " ind2="1">
    <subfield code="6">a02</subfield>
    <subfield code="7">ba0yba0a</subfield>
    <subfield code="8">freper</subfield>
    <subfield code="9">#</subfield>
    <subfield code="a">Balzâk</subfield>
    <subfield code="b">Onoreh do</subfield>
  </datafield>
  <datafield tag="400" ind1=" " ind2="1">
    <subfield code="6">a03</subfield>
    <subfield code="7">ba0yfa1y</subfield>
    <subfield code="8">frearm</subfield>
    <subfield code="9">#</subfield>
    <subfield code="a">Բալզագ</subfield>
    <subfield code="b">Օնորէ տը</subfield>
  </datafield>
  <datafield tag="400" ind1=" " ind2="1">
    <subfield code="6">a03</subfield>
    <subfield code="7">ba0yba0a</subfield>
    <subfield code="8">frearm</subfield>
    <subfield code="9">#</subfield>
    <subfield code="a">Balzag</subfield>
    <subfield code="b">Ōnorē të</subfield>
  </datafield>
  <datafield tag="500" ind1=" " ind2="1">
    <subfield code="0">Utilise</subfield>
    <subfield code="3">140809228</subfield>
    <subfield code="5">l|xxx</subfield>
    <subfield code="7">ba0yba0y</subfield>
    <subfield code="a">Cloteaux</subfield>
    <subfield code="b">Aurore</subfield>
  </datafield>
  <datafield tag="520" ind1=" " ind2=" ">
    <subfield code="7">ba0yba0y</subfield>
    <subfield code="a">Balzac (famille)</subfield>
  </datafield>
  <datafield tag="686" ind1=" " ind2=" ">
    <subfield code="a">800</subfield>
    <subfield code="c">Littératures</subfield>
    <subfield code="2">Note de regroupement par domaine</subfield>
  </datafield>
  <datafield tag="700" ind1=" " ind2="1">
    <subfield code="6">a04</subfield>
    <subfield code="7">ba0yba0y</subfield>
    <subfield code="8">frefre</subfield>
    <subfield code="9">0</subfield>
    <subfield code="a">Balzac</subfield>
    <subfield code="b">Honoré de</subfield>
    <subfield code="f">1799-1850</subfield>
  </datafield>
  <datafield tag="700" ind1=" " ind2="1">
    <subfield code="6">a04</subfield>
    <subfield code="7">ba0yca0y</subfield>
    <subfield code="8">frerus</subfield>
    <subfield code="9">0</subfield>
    <subfield code="a">Бальзак</subfield>
    <subfield code="b">Оноре де</subfield>
    <subfield code="f">1799-1850</subfield>
  </datafield>
  <datafield tag="801" ind1=" " ind2="3">
    <subfield code="a">FR</subfield>
    <subfield code="b">Abes</subfield>
    <subfield code="c">20190604</subfield>
    <subfield code="g">AFNOR</subfield>
    <subfield code="h">027268462</subfield>
  </datafield>
  <datafield tag="801" ind1=" " ind2="3">
    <subfield code="a">FR</subfield>
    <subfield code="b">Abes</subfield>
    <subfield code="c">20190604</subfield>
    <subfield code="g">AFNOR</subfield>
    <subfield code="h">175035717</subfield>
  </datafield>
  <datafield tag="810" ind1=" " ind2=" ">
    <subfield code="a">Annette et le criminel / Honoré de Balzac, sous le pseudonyme de Horace de Saint-Aubin, 1982</subfield>
  </datafield>
  <datafield tag="810" ind1=" " ind2=" ">
    <subfield code="a">GDEL. Beaumarchais</subfield>
  </datafield>
  <datafield tag="810" ind1=" " ind2=" ">
    <subfield code="a">BN Cat. gén.. BN Cat. gén. suppl.</subfield>
  </datafield>
  <datafield tag="810" ind1=" " ind2=" ">
    <subfield code="6">a05</subfield>
    <subfield code="7">ba0yca0y</subfield>
    <subfield code="a">Бальзак и Достоевский / Л. Гроссман, 1975</subfield>
  </datafield>
  <datafield tag="810" ind1=" " ind2=" ">
    <subfield code="6">a05</subfield>
    <subfield code="7">ba0yba0a</subfield>
    <subfield code="a">Balʹzak iDostoevskij / L. Grossman, 1975</subfield>
  </datafield>
  <datafield tag="810" ind1=" " ind2=" ">
    <subfield code="6">a06</subfield>
    <subfield code="7">ba0yea0y</subfield>
    <subfield code="a">三十歲的女人 / 巴爾札克著 ; 蓋家常, 黃蓉美譯, 1992</subfield>
  </datafield>
  <datafield tag="810" ind1=" " ind2=" ">
    <subfield code="6">a06</subfield>
    <subfield code="7">ba0yba0a</subfield>
    <subfield code="a">San shi sui di nü ren / Ba&apos;erzhake zhu ; Gai Jiachang, Huang Rongmei yi, 1992</subfield>
  </datafield>
  <datafield tag="900" ind1=" " ind2=" ">
    <subfield code="a">Balzac, Honoré de (1799-1850)</subfield>
  </datafield>
  <datafield tag="901" ind1=" " ind2=" ">
    <subfield code="a">Balzac, Honoré</subfield>
  </datafield>
  <datafield tag="901" ind1=" " ind2=" ">
    <subfield code="a">Jeune célibataire, Un</subfield>
  </datafield>
  <datafield tag="901" ind1=" " ind2=" ">
    <subfield code="a">Lord R&apos;Hoone</subfield>
  </datafield>
  <datafield tag="901" ind1=" " ind2=" ">
    <subfield code="a">R&apos;Hoone, Lord</subfield>
  </datafield>
  <datafield tag="901" ind1=" " ind2=" ">
    <subfield code="a">Saint-Aubin, Horace de</subfield>
  </datafield>
  <datafield tag="901" ind1=" " ind2=" ">
    <subfield code="a">Abbé Savonati</subfield>
  </datafield>
  <datafield tag="901" ind1=" " ind2=" ">
    <subfield code="a">Instituteur Matricante</subfield>
  </datafield>
  <datafield tag="901" ind1=" " ind2=" ">
    <subfield code="a">Matricante, Instituteur</subfield>
  </datafield>
  <datafield tag="901" ind1=" " ind2=" ">
    <subfield code="a">O&apos;Rhoone, Lord</subfield>
  </datafield>
  <datafield tag="901" ind1=" " ind2=" ">
    <subfield code="a">Savonati, Abbé</subfield>
  </datafield>
  <datafield tag="901" ind1=" " ind2=" ">
    <subfield code="a">Villerglé, A. de</subfield>
  </datafield>
  <datafield tag="901" ind1=" " ind2=" ">
    <subfield code="a">Saint Aubin de Poitiers</subfield>
  </datafield>
  <datafield tag="901" ind1=" " ind2=" ">
    <subfield code="a">Saint Aubin (de Poitiers ; 1799-1850)</subfield>
  </datafield>
  <datafield tag="901" ind1=" " ind2=" ">
    <subfield code="a">Saint-Aubin, Horace de</subfield>
  </datafield>
  <datafield tag="901" ind1=" " ind2=" ">
    <subfield code="a">Poitiers, Saint Aubin de</subfield>
  </datafield>
  <datafield tag="901" ind1=" " ind2=" ">
    <subfield code="6">01</subfield>
    <subfield code="7">ea</subfield>
    <subfield code="a">巴爾札克</subfield>
  </datafield>
  <datafield tag="901" ind1=" " ind2=" ">
    <subfield code="6">01</subfield>
    <subfield code="7">ba</subfield>
    <subfield code="a">Ba&apos;erzhake</subfield>
  </datafield>
  <datafield tag="901" ind1=" " ind2=" ">
    <subfield code="6">02</subfield>
    <subfield code="7">fa</subfield>
    <subfield code="a">بالزاک, انوره دو</subfield>
  </datafield>
  <datafield tag="901" ind1=" " ind2=" ">
    <subfield code="6">02</subfield>
    <subfield code="7">ba</subfield>
    <subfield code="a">Balzâk, Onoreh do</subfield>
  </datafield>
  <datafield tag="901" ind1=" " ind2=" ">
    <subfield code="6">03</subfield>
    <subfield code="7">fa</subfield>
    <subfield code="a">Բալզագ, Օնորէ տը</subfield>
  </datafield>
  <datafield tag="901" ind1=" " ind2=" ">
    <subfield code="6">03</subfield>
    <subfield code="7">ba</subfield>
    <subfield code="a">Balzag, Ōnorē të</subfield>
  </datafield>
  <datafield tag="902" ind1=" " ind2=" ">
    <subfield code="6">04</subfield>
    <subfield code="7">ba</subfield>
    <subfield code="a">Balzac, Honoré de (1799-1850)</subfield>
  </datafield>
  <datafield tag="902" ind1=" " ind2=" ">
    <subfield code="6">04</subfield>
    <subfield code="7">ca</subfield>
    <subfield code="a">Бальзак, Оноре де (1799-1850)</subfield>
  </datafield>
</record>