


<record>
  <leader>     cx  a22     3  45  </leader>
  <controlfield tag="001">02674404X</controlfield>
  <controlfield tag="003">http://www.idref.fr/02674404X</controlfield>
  <controlfield tag="004">19760305</controlfield>
  <controlfield tag="005">20180720123557.000</controlfield>
  <controlfield tag="006">0004</controlfield>
  <controlfield tag="007">751192301</controlfield>
  <controlfield tag="008">Tp5</controlfield>
  <datafield tag="010" ind1=" " ind2=" ">
    <subfield code="a">0000000121468794</subfield>
    <subfield code="2">BNF</subfield>
    <subfield code="d">20150918</subfield>
  </datafield>
  <datafield tag="033" ind1=" " ind2=" ">
    <subfield code="a">http://catalogue.bnf.fr/ark:/12148/cb13891735n</subfield>
    <subfield code="2">BNF</subfield>
    <subfield code="d">20150918</subfield>
  </datafield>
  <datafield tag="035" ind1=" " ind2=" ">
    <subfield code="a">027499332</subfield>
    <subfield code="9">sudoc</subfield>
  </datafield>
  <datafield tag="035" ind1=" " ind2=" ">
    <subfield code="a">frBN001797983</subfield>
  </datafield>
  <datafield tag="035" ind1=" " ind2=" ">
    <subfield code="a">frBN000516127</subfield>
  </datafield>
  <datafield tag="035" ind1=" " ind2=" ">
    <subfield code="a">FRBNF118933150</subfield>
    <subfield code="z">FRBNF11893315</subfield>
  </datafield>
  <datafield tag="035" ind1=" " ind2=" ">
    <subfield code="a">FRBNF13891735X</subfield>
    <subfield code="z">FRBNF13891735</subfield>
  </datafield>
  <datafield tag="100" ind1=" " ind2=" ">
    <subfield code="a">19760305afrey50      ba0</subfield>
  </datafield>
  <datafield tag="101" ind1=" " ind2=" ">
    <subfield code="a">fre</subfield>
  </datafield>
  <datafield tag="102" ind1=" " ind2=" ">
    <subfield code="a">FR</subfield>
  </datafield>
  <datafield tag="103" ind1=" " ind2=" ">
    <subfield code="a"> 19250326 </subfield>
    <subfield code="b"> 20160105 </subfield>
  </datafield>
  <datafield tag="106" ind1=" " ind2=" ">
    <subfield code="a">0</subfield>
    <subfield code="b">1</subfield>
    <subfield code="c">0</subfield>
  </datafield>
  <datafield tag="120" ind1=" " ind2=" ">
    <subfield code="a">ba</subfield>
  </datafield>
  <datafield tag="152" ind1=" " ind2=" ">
    <subfield code="a">AFNOR</subfield>
  </datafield>
  <datafield tag="200" ind1=" " ind2="1">
    <subfield code="7">ba0yba0y</subfield>
    <subfield code="9">0</subfield>
    <subfield code="a">Boulez</subfield>
    <subfield code="b">Pierre</subfield>
    <subfield code="f">1925-2016</subfield>
  </datafield>
  <datafield tag="340" ind1=" " ind2=" ">
    <subfield code="7">ba0yba0y</subfield>
    <subfield code="a">Compositeur. Chef d&apos;orchestre. Né à Montbrison dans la Loire, Il est une personnalité influente du paysage musical et intellectuel français contemporain. Professeur au Collège de France, chaire &quot;Invention, technique et langage en musique&quot; (1976-1995)</subfield>
  </datafield>
  <datafield tag="510" ind1="0" ind2="1">
    <subfield code="3">026386925</subfield>
    <subfield code="7">ba0yba0y</subfield>
    <subfield code="a">Institut de recherche et coordination acoustique musique</subfield>
    <subfield code="c">Paris</subfield>
  </datafield>
  <datafield tag="510" ind1="0" ind2="1">
    <subfield code="3">070529469</subfield>
    <subfield code="7">ba0yba0y</subfield>
    <subfield code="a">New York philharmonic orchestra</subfield>
  </datafield>
  <datafield tag="510" ind1="0" ind2="1">
    <subfield code="3">03508507X</subfield>
    <subfield code="7">ba0yba0y</subfield>
    <subfield code="a">Ensemble InterContemporain</subfield>
    <subfield code="c">Paris</subfield>
  </datafield>
  <datafield tag="510" ind1="0" ind2="1">
    <subfield code="3">066969816</subfield>
    <subfield code="7">ba0yba0y</subfield>
    <subfield code="a">BBC symphony orchestra</subfield>
  </datafield>
  <datafield tag="801" ind1=" " ind2="3">
    <subfield code="a">FR</subfield>
    <subfield code="b">Abes</subfield>
    <subfield code="c">20180720</subfield>
    <subfield code="g">AFNOR</subfield>
    <subfield code="h">027499332</subfield>
  </datafield>
  <datafield tag="810" ind1=" " ind2=" ">
    <subfield code="a">Par volonté et par hasard : entretiens avec Célestin Deliège / Pierre Boulez, 1975</subfield>
  </datafield>
  <datafield tag="810" ind1=" " ind2=" ">
    <subfield code="a">Internet, http://abonnes.lemonde.fr/disparitions/article/2016/01/06/mort-du-compositeur-et-chef-d-orchestre-pierre-boulez_4842501_3382.html</subfield>
    <subfield code="b">Pierre Boulez (1925-03-26/2016-01-05)</subfield>
  </datafield>
  <datafield tag="810" ind1=" " ind2=" ">
    <subfield code="a">Grove music online - http://www.oxfordmusiconline.com (2016-01-06)</subfield>
  </datafield>
  <datafield tag="810" ind1=" " ind2=" ">
    <subfield code="a">WW, France 2001-2002</subfield>
  </datafield>
  <datafield tag="810" ind1=" " ind2=" ">
    <subfield code="a">La Croix (Paris), 1985-03-26</subfield>
  </datafield>
  <datafield tag="810" ind1=" " ind2=" ">
    <subfield code="a">Int. WWM 1988</subfield>
  </datafield>
  <datafield tag="810" ind1=" " ind2=" ">
    <subfield code="a">Monde, 2016-01-08</subfield>
  </datafield>
  <datafield tag="810" ind1=" " ind2=" ">
    <subfield code="a">BN Cat. gén. suppl.</subfield>
  </datafield>
  <datafield tag="810" ind1=" " ind2=" ">
    <subfield code="a">BN Cat. gén. 1960-1970</subfield>
  </datafield>
  <datafield tag="900" ind1=" " ind2=" ">
    <subfield code="a">Boulez, Pierre (1925-2016)</subfield>
  </datafield>
</record>