


<record>
  <leader>     cx  a22     3  45  </leader>
  <controlfield tag="001">02680445X</controlfield>
  <controlfield tag="003">http://www.idref.fr/02680445X</controlfield>
  <controlfield tag="004">19751009</controlfield>
  <controlfield tag="005">20150929110129.000</controlfield>
  <controlfield tag="006">0004</controlfield>
  <controlfield tag="007">4994</controlfield>
  <controlfield tag="008">Tp5</controlfield>
  <datafield tag="010" ind1=" " ind2=" ">
    <subfield code="a">0000000073263929</subfield>
    <subfield code="2">BNF</subfield>
    <subfield code="d">20150918</subfield>
  </datafield>
  <datafield tag="033" ind1=" " ind2=" ">
    <subfield code="a">http://catalogue.bnf.fr/ark:/12148/cb11898088q</subfield>
    <subfield code="2">BNF</subfield>
    <subfield code="d">20150918</subfield>
  </datafield>
  <datafield tag="035" ind1=" " ind2=" ">
    <subfield code="a">frBN007937698</subfield>
  </datafield>
  <datafield tag="035" ind1=" " ind2=" ">
    <subfield code="a">frBN000639959</subfield>
  </datafield>
  <datafield tag="035" ind1=" " ind2=" ">
    <subfield code="a">FRBNF118980883</subfield>
    <subfield code="z">FRBNF11898088</subfield>
  </datafield>
  <datafield tag="100" ind1=" " ind2=" ">
    <subfield code="a">19751009afrey50      ba0</subfield>
  </datafield>
  <datafield tag="101" ind1=" " ind2=" ">
    <subfield code="a">fre</subfield>
  </datafield>
  <datafield tag="102" ind1=" " ind2=" ">
    <subfield code="a">BE</subfield>
  </datafield>
  <datafield tag="103" ind1=" " ind2=" ">
    <subfield code="a"> 19261115 </subfield>
    <subfield code="b"> 20040802 </subfield>
  </datafield>
  <datafield tag="106" ind1=" " ind2=" ">
    <subfield code="a">0</subfield>
    <subfield code="b">1</subfield>
    <subfield code="c">0</subfield>
  </datafield>
  <datafield tag="120" ind1=" " ind2=" ">
    <subfield code="a">ba</subfield>
  </datafield>
  <datafield tag="152" ind1=" " ind2=" ">
    <subfield code="a">AFNOR</subfield>
  </datafield>
  <datafield tag="200" ind1=" " ind2="1">
    <subfield code="7">ba0yba0y</subfield>
    <subfield code="9">0</subfield>
    <subfield code="a">Craenhals</subfield>
    <subfield code="b">François</subfield>
    <subfield code="f">1926-2004</subfield>
  </datafield>
  <datafield tag="340" ind1=" " ind2=" ">
    <subfield code="7">ba0yba0y</subfield>
    <subfield code="a">Dessinateur et scénariste de bandes dessinées. A aussi travaillé en collaboration avec l&apos;écrivain Georges Chaulet sous le pseudonyme collectif François-Georges</subfield>
  </datafield>
  <datafield tag="400" ind1=" " ind2="1">
    <subfield code="5">e|xxx</subfield>
    <subfield code="7">ba0yba0y</subfield>
    <subfield code="9">#</subfield>
    <subfield code="a">Hals</subfield>
    <subfield code="b">F.</subfield>
  </datafield>
  <datafield tag="500" ind1=" " ind2=" ">
    <subfield code="3">030767660</subfield>
    <subfield code="7">ba0yba0y</subfield>
    <subfield code="a">François-Georges</subfield>
    <subfield code="c">pseud. collectif</subfield>
  </datafield>
  <datafield tag="801" ind1=" " ind2="3">
    <subfield code="a">FR</subfield>
    <subfield code="b">Abes</subfield>
    <subfield code="c">20150929</subfield>
    <subfield code="g">AFNOR</subfield>
  </datafield>
  <datafield tag="810" ind1=" " ind2=" ">
    <subfield code="a">Les 4 as et l&apos;île du Robinson / dessins, François Craenhals, scénario, Georges Chaulet, 1991</subfield>
  </datafield>
  <datafield tag="810" ind1=" " ind2=" ">
    <subfield code="a">Guide de la bande dessinée / Philippe Bronson, 1986. Encyclopédie des bandes dessinées / dir. Marjorie Alessandrini, 1986. Dictionnaire de la bande dessinée / Henri Filippini, 1989</subfield>
  </datafield>
  <datafield tag="810" ind1=" " ind2=" ">
    <subfield code="a">Internet, http://www.lemonde.fr,  2004-08-08</subfield>
    <subfield code="b">Décès 2004-08-02. Il publie ensuite ses premières caricatures dans le magazine Vrai, sous le pseudonyme de F. Hals, François Craenhals est aussi illustrateur de romans pour la jeunesse, en particulier ceux des 4 As, écrits par Georges Chaulet</subfield>
  </datafield>
  <datafield tag="900" ind1=" " ind2=" ">
    <subfield code="a">Craenhals, François (1926-2004)</subfield>
  </datafield>
  <datafield tag="901" ind1=" " ind2=" ">
    <subfield code="a">Hals, F.</subfield>
  </datafield>
</record>