


<record>
  <leader>     cx  a22     3  45  </leader>
  <controlfield tag="001">02712200X</controlfield>
  <controlfield tag="003">http://www.idref.fr/02712200X</controlfield>
  <controlfield tag="004">19770318</controlfield>
  <controlfield tag="005">20150929113052.000</controlfield>
  <controlfield tag="006">0004</controlfield>
  <controlfield tag="007">4994</controlfield>
  <controlfield tag="008">Tp5</controlfield>
  <datafield tag="010" ind1=" " ind2=" ">
    <subfield code="a">000000012133338X</subfield>
    <subfield code="2">BNF</subfield>
    <subfield code="d">20150918</subfield>
  </datafield>
  <datafield tag="033" ind1=" " ind2=" ">
    <subfield code="a">http://catalogue.bnf.fr/ark:/12148/cb119236417</subfield>
    <subfield code="2">BNF</subfield>
    <subfield code="d">20150918</subfield>
  </datafield>
  <datafield tag="035" ind1=" " ind2=" ">
    <subfield code="a">frBN001329098</subfield>
  </datafield>
  <datafield tag="035" ind1=" " ind2=" ">
    <subfield code="a">frBN005798520</subfield>
  </datafield>
  <datafield tag="035" ind1=" " ind2=" ">
    <subfield code="a">FRBNF119236414</subfield>
    <subfield code="z">FRBNF11923641</subfield>
  </datafield>
  <datafield tag="100" ind1=" " ind2=" ">
    <subfield code="a">19770318afrey50      ba0</subfield>
  </datafield>
  <datafield tag="101" ind1=" " ind2=" ">
    <subfield code="a">san</subfield>
  </datafield>
  <datafield tag="102" ind1=" " ind2=" ">
    <subfield code="a">IN</subfield>
  </datafield>
  <datafield tag="103" ind1=" " ind2=" ">
    <subfield code="a"> 0788    ?</subfield>
    <subfield code="b"> 0820    ?</subfield>
  </datafield>
  <datafield tag="106" ind1=" " ind2=" ">
    <subfield code="a">0</subfield>
    <subfield code="b">1</subfield>
    <subfield code="c">0</subfield>
  </datafield>
  <datafield tag="120" ind1=" " ind2=" ">
    <subfield code="a">ba</subfield>
  </datafield>
  <datafield tag="152" ind1=" " ind2=" ">
    <subfield code="a">AFNOR</subfield>
  </datafield>
  <datafield tag="200" ind1=" " ind2="0">
    <subfield code="7">ba0yba0y</subfield>
    <subfield code="a">Śaṅkarācārya</subfield>
    <subfield code="f">0788?-0820?</subfield>
  </datafield>
  <datafield tag="300" ind1="0" ind2=" ">
    <subfield code="7">ba0yba0y</subfield>
    <subfield code="a">Philosophe du vedānta / hindouisme. Fondateur de la secte shivaite des brahmanes Smārtava. Autres dates biographiques admises: 700-750. Né à Kaladi, Kerala, dans une famille brahmane Nambudiri. A vécu à Varanasi où il écrivit ses principaux ouvrages. Mourut à Kedarnath, Himalaya</subfield>
  </datafield>
  <datafield tag="400" ind1=" " ind2="0">
    <subfield code="7">ba0yba0y</subfield>
    <subfield code="9">#</subfield>
    <subfield code="a">Sankar</subfield>
    <subfield code="f">0788?-0820?</subfield>
  </datafield>
  <datafield tag="400" ind1=" " ind2="0">
    <subfield code="7">ba0yba0y</subfield>
    <subfield code="9">#</subfield>
    <subfield code="a">Shankar</subfield>
    <subfield code="f">0788?-0820?</subfield>
  </datafield>
  <datafield tag="400" ind1=" " ind2="0">
    <subfield code="7">ba0yba0y</subfield>
    <subfield code="9">#</subfield>
    <subfield code="a">Sankara Acarya</subfield>
    <subfield code="f">0788?-0820?</subfield>
  </datafield>
  <datafield tag="400" ind1=" " ind2="0">
    <subfield code="7">ba0yba0y</subfield>
    <subfield code="9">#</subfield>
    <subfield code="a">Sankara Acharya</subfield>
    <subfield code="f">0788?-0820?</subfield>
  </datafield>
  <datafield tag="400" ind1=" " ind2="0">
    <subfield code="7">ba0yba0y</subfield>
    <subfield code="9">#</subfield>
    <subfield code="a">Shankar Acarya</subfield>
    <subfield code="f">0788?-0820?</subfield>
  </datafield>
  <datafield tag="400" ind1=" " ind2="0">
    <subfield code="7">ba0yba0y</subfield>
    <subfield code="9">#</subfield>
    <subfield code="a">Shankar Acharya</subfield>
    <subfield code="f">0788?-0820?</subfield>
  </datafield>
  <datafield tag="400" ind1=" " ind2="0">
    <subfield code="7">ba0yba0y</subfield>
    <subfield code="9">#</subfield>
    <subfield code="a">Saṃkara</subfield>
    <subfield code="f">0788?-0820?</subfield>
  </datafield>
  <datafield tag="400" ind1=" " ind2="0">
    <subfield code="7">ba0yba0y</subfield>
    <subfield code="9">#</subfield>
    <subfield code="a">Saṃkārācarya</subfield>
    <subfield code="f">0788?-0820?</subfield>
  </datafield>
  <datafield tag="400" ind1=" " ind2="0">
    <subfield code="7">ba0yba0y</subfield>
    <subfield code="a">Shankaracharya</subfield>
    <subfield code="f">0788?-0820?</subfield>
  </datafield>
  <datafield tag="400" ind1=" " ind2="0">
    <subfield code="7">ba0yba0y</subfield>
    <subfield code="9">#</subfield>
    <subfield code="a">Shamkaracharya</subfield>
    <subfield code="f">0788?-0820?</subfield>
  </datafield>
  <datafield tag="400" ind1=" " ind2="0">
    <subfield code="7">ba0yba0y</subfield>
    <subfield code="9">#</subfield>
    <subfield code="a">Camkara</subfield>
    <subfield code="f">0788?-0820?</subfield>
  </datafield>
  <datafield tag="400" ind1=" " ind2="0">
    <subfield code="7">ba0yba0y</subfield>
    <subfield code="9">#</subfield>
    <subfield code="a">Cankara</subfield>
    <subfield code="f">0788?-0820?</subfield>
  </datafield>
  <datafield tag="400" ind1=" " ind2="0">
    <subfield code="7">ba0yba0y</subfield>
    <subfield code="9">#</subfield>
    <subfield code="a">Ādi Śaṅkāra</subfield>
    <subfield code="f">0788?-0820?</subfield>
  </datafield>
  <datafield tag="400" ind1=" " ind2="0">
    <subfield code="7">ba0yba0y</subfield>
    <subfield code="9">#</subfield>
    <subfield code="a">Ādi Śaṅkarācārya</subfield>
    <subfield code="f">0788?-0820?</subfield>
  </datafield>
  <datafield tag="400" ind1=" " ind2="0">
    <subfield code="7">ba0yba0y</subfield>
    <subfield code="9">#</subfield>
    <subfield code="a">Śaṅkara</subfield>
    <subfield code="f">0788?-0820?</subfield>
  </datafield>
  <datafield tag="400" ind1=" " ind2="0">
    <subfield code="7">ba0yba0y</subfield>
    <subfield code="9">#</subfield>
    <subfield code="a">Acharya Shankara</subfield>
    <subfield code="f">0788?-0820?</subfield>
  </datafield>
  <datafield tag="400" ind1=" " ind2="0">
    <subfield code="7">ba0yba0y</subfield>
    <subfield code="9">#</subfield>
    <subfield code="a">Samkara Acharya</subfield>
    <subfield code="f">0788?-0820?</subfield>
  </datafield>
  <datafield tag="400" ind1=" " ind2="0">
    <subfield code="7">ba0yba0y</subfield>
    <subfield code="9">#</subfield>
    <subfield code="a">Caṃkarâcārya</subfield>
    <subfield code="f">0788?-0820?</subfield>
  </datafield>
  <datafield tag="400" ind1=" " ind2="0">
    <subfield code="7">ba0yba0e</subfield>
    <subfield code="9">#</subfield>
    <subfield code="a">Śaṅkara Bhagavatpāda</subfield>
    <subfield code="f">0788?-0820?</subfield>
  </datafield>
  <datafield tag="400" ind1=" " ind2="1">
    <subfield code="7">ba0yba0e</subfield>
    <subfield code="9">#</subfield>
    <subfield code="a">Bhagavatpāda</subfield>
    <subfield code="b">Śaṅkara </subfield>
    <subfield code="f">0788?-0820?</subfield>
  </datafield>
  <datafield tag="700" ind1=" " ind2="0">
    <subfield code="7">ba0yba0b</subfield>
    <subfield code="9">0</subfield>
    <subfield code="a">Śaṅkarācārya</subfield>
    <subfield code="f">0788?-0820?</subfield>
  </datafield>
  <datafield tag="801" ind1=" " ind2="3">
    <subfield code="a">FR</subfield>
    <subfield code="b">Abes</subfield>
    <subfield code="c">20150929</subfield>
    <subfield code="g">AFNOR</subfield>
  </datafield>
  <datafield tag="810" ind1=" " ind2=" ">
    <subfield code="a">Sri Shankaracharya et son idéal / Swami Brahmananda Giri, 1986</subfield>
  </datafield>
  <datafield tag="810" ind1=" " ind2=" ">
    <subfield code="a">BEPI, 1988. The Natl. Bibliogr. of Indian Lit. / gen. ed. B.S. Kesavan, 1970, vol. III, p. 397. A Dict. of indology / A.K. Roy ; N.N. Gidwani, 1982. Encyclopaedia of Indian culture / R.N. Saletore, 1984. The Cat. of Sanskrit, Pali and Prakrit books / National Library, 1951. L&apos;Inde classique / L. Renou et J. Filliozat, 1947-1953, vol. II, p. 19-21. Dict. de la civilisation indienne / par L. Frédéric, 1987</subfield>
  </datafield>
  <datafield tag="810" ind1=" " ind2=" ">
    <subfield code="a">BN Cat. gén. ; BN Cat. gén. suppl.. BN Cat. gén. 1960-1969 ; BN Cat. gén. 1970-1979. BN Cat. 1980-1984. BN Service indien</subfield>
  </datafield>
  <datafield tag="810" ind1=" " ind2=" ">
    <subfield code="a">A Śaṅkara source-book. Volume I, Śaṅkara on the absolute / by A. J. Alston, 2004</subfield>
    <subfield code="b">variantes du nom</subfield>
  </datafield>
  <datafield tag="810" ind1=" " ind2=" ">
    <subfield code="a">Internet : http://catalogue.bnf.fr, 2008-02-13</subfield>
  </datafield>
  <datafield tag="900" ind1=" " ind2=" ">
    <subfield code="a">Śaṅkarācārya (0788?-0820?)</subfield>
  </datafield>
  <datafield tag="901" ind1=" " ind2=" ">
    <subfield code="a">Sankar (0788?-0820?)</subfield>
  </datafield>
  <datafield tag="901" ind1=" " ind2=" ">
    <subfield code="a">Shankar (0788?-0820?)</subfield>
  </datafield>
  <datafield tag="901" ind1=" " ind2=" ">
    <subfield code="a">Sankara Acarya (0788?-0820?)</subfield>
  </datafield>
  <datafield tag="901" ind1=" " ind2=" ">
    <subfield code="a">Sankara Acharya (0788?-0820?)</subfield>
  </datafield>
  <datafield tag="901" ind1=" " ind2=" ">
    <subfield code="a">Shankar Acarya (0788?-0820?)</subfield>
  </datafield>
  <datafield tag="901" ind1=" " ind2=" ">
    <subfield code="a">Shankar Acharya (0788?-0820?)</subfield>
  </datafield>
  <datafield tag="901" ind1=" " ind2=" ">
    <subfield code="a">Saṃkara (0788?-0820?)</subfield>
  </datafield>
  <datafield tag="901" ind1=" " ind2=" ">
    <subfield code="a">Saṃkārācarya (0788?-0820?)</subfield>
  </datafield>
  <datafield tag="901" ind1=" " ind2=" ">
    <subfield code="a">Shankaracharya (0788?-0820?)</subfield>
  </datafield>
  <datafield tag="901" ind1=" " ind2=" ">
    <subfield code="a">Shamkaracharya (0788?-0820?)</subfield>
  </datafield>
  <datafield tag="901" ind1=" " ind2=" ">
    <subfield code="a">Camkara (0788?-0820?)</subfield>
  </datafield>
  <datafield tag="901" ind1=" " ind2=" ">
    <subfield code="a">Cankara (0788?-0820?)</subfield>
  </datafield>
  <datafield tag="901" ind1=" " ind2=" ">
    <subfield code="a">Ādi Śaṅkāra (0788?-0820?)</subfield>
  </datafield>
  <datafield tag="901" ind1=" " ind2=" ">
    <subfield code="a">Ādi Śaṅkarācārya (0788?-0820?)</subfield>
  </datafield>
  <datafield tag="901" ind1=" " ind2=" ">
    <subfield code="a">Śaṅkara (0788?-0820?)</subfield>
  </datafield>
  <datafield tag="901" ind1=" " ind2=" ">
    <subfield code="a">Acharya Shankara (0788?-0820?)</subfield>
  </datafield>
  <datafield tag="901" ind1=" " ind2=" ">
    <subfield code="a">Samkara Acharya (0788?-0820?)</subfield>
  </datafield>
  <datafield tag="901" ind1=" " ind2=" ">
    <subfield code="a">Caṃkarâcārya (0788?-0820?)</subfield>
  </datafield>
  <datafield tag="901" ind1=" " ind2=" ">
    <subfield code="a">Śaṅkara Bhagavatpāda (0788?-0820?)</subfield>
  </datafield>
  <datafield tag="901" ind1=" " ind2=" ">
    <subfield code="a">Bhagavatpāda, Śaṅkara  (0788?-0820?)</subfield>
  </datafield>
  <datafield tag="902" ind1=" " ind2=" ">
    <subfield code="a">Śaṅkarācārya (0788?-0820?)</subfield>
  </datafield>
</record>