


<record>
  <leader>     cx  a22     3  45  </leader>
  <controlfield tag="001">02716490X</controlfield>
  <controlfield tag="003">http://www.idref.fr/02716490X</controlfield>
  <controlfield tag="004">19780817</controlfield>
  <controlfield tag="005">20161124095014.000</controlfield>
  <controlfield tag="006">0004</controlfield>
  <controlfield tag="007">384212103</controlfield>
  <controlfield tag="008">Tp5</controlfield>
  <datafield tag="010" ind1=" " ind2=" ">
    <subfield code="a">0000000071393949</subfield>
    <subfield code="2">BNF</subfield>
    <subfield code="d">20150918</subfield>
  </datafield>
  <datafield tag="033" ind1=" " ind2=" ">
    <subfield code="a">http://catalogue.bnf.fr/ark:/12148/cb119267626</subfield>
    <subfield code="2">BNF</subfield>
    <subfield code="d">20150918</subfield>
  </datafield>
  <datafield tag="035" ind1=" " ind2=" ">
    <subfield code="a">frBN001416628</subfield>
  </datafield>
  <datafield tag="035" ind1=" " ind2=" ">
    <subfield code="a">FRBNF119267623</subfield>
    <subfield code="z">FRBNF11926762</subfield>
  </datafield>
  <datafield tag="100" ind1=" " ind2=" ">
    <subfield code="a">19780817afrey50      ba0</subfield>
  </datafield>
  <datafield tag="101" ind1=" " ind2=" ">
    <subfield code="a">eng</subfield>
  </datafield>
  <datafield tag="102" ind1=" " ind2=" ">
    <subfield code="a">GB</subfield>
  </datafield>
  <datafield tag="103" ind1=" " ind2=" ">
    <subfield code="a"> 19241121 </subfield>
  </datafield>
  <datafield tag="106" ind1=" " ind2=" ">
    <subfield code="a">0</subfield>
    <subfield code="b">1</subfield>
    <subfield code="c">0</subfield>
  </datafield>
  <datafield tag="120" ind1=" " ind2=" ">
    <subfield code="a">ba</subfield>
  </datafield>
  <datafield tag="152" ind1=" " ind2=" ">
    <subfield code="a">AFNOR</subfield>
  </datafield>
  <datafield tag="200" ind1=" " ind2="1">
    <subfield code="7">ba0yba0y</subfield>
    <subfield code="9">0</subfield>
    <subfield code="a">Tolkien</subfield>
    <subfield code="b">Christopher</subfield>
    <subfield code="f">1924-....</subfield>
  </datafield>
  <datafield tag="340" ind1=" " ind2=" ">
    <subfield code="7">ba0yba0y</subfield>
    <subfield code="a">Professeur de philologie à Oxford. Troisème fils et exécuteur littéraire de J.R.R. Tolkien ; éditeur et rédacteur d&apos;une grande partie de l&apos;oeuvre de son père à titre posthume</subfield>
  </datafield>
  <datafield tag="500" ind1=" " ind2="1">
    <subfield code="3">027164918</subfield>
    <subfield code="5">x|xgx</subfield>
    <subfield code="7">ba0yba0y</subfield>
    <subfield code="a">Tolkien</subfield>
    <subfield code="b">John Ronald Reuel</subfield>
    <subfield code="f">1892-1973</subfield>
  </datafield>
  <datafield tag="500" ind1=" " ind2="1">
    <subfield code="3">156955121</subfield>
    <subfield code="5">x|xex</subfield>
    <subfield code="7">ba0yba0y</subfield>
    <subfield code="a">Tolkien</subfield>
    <subfield code="b">Baillie</subfield>
    <subfield code="f">1941-....</subfield>
  </datafield>
  <datafield tag="500" ind1=" " ind2="1">
    <subfield code="3">05697616X</subfield>
    <subfield code="5">x|xhx</subfield>
    <subfield code="7">ba0yba0y</subfield>
    <subfield code="a">Tolkien</subfield>
    <subfield code="b">Adam R.</subfield>
    <subfield code="f">1969-....</subfield>
  </datafield>
  <datafield tag="500" ind1=" " ind2="1">
    <subfield code="3">080783112</subfield>
    <subfield code="5">x|xhx</subfield>
    <subfield code="7">ba0yba0y</subfield>
    <subfield code="a">Tolkien</subfield>
    <subfield code="b">Simon</subfield>
    <subfield code="f">1959-....</subfield>
  </datafield>
  <datafield tag="801" ind1=" " ind2="3">
    <subfield code="a">FR</subfield>
    <subfield code="b">Abes</subfield>
    <subfield code="c">20161124</subfield>
    <subfield code="g">AFNOR</subfield>
  </datafield>
  <datafield tag="810" ind1=" " ind2=" ">
    <subfield code="a">The History of Middle-earth / J.R.R. Tolkien ; edited by Christopher Tolkien ,1984</subfield>
  </datafield>
  <datafield tag="900" ind1=" " ind2=" ">
    <subfield code="a">Tolkien, Christopher (1924-....)</subfield>
  </datafield>
</record>