


<record>
  <leader>     cx  a22     3  45  </leader>
  <controlfield tag="001">02737470X</controlfield>
  <controlfield tag="003">http://www.idref.fr/02737470X</controlfield>
  <controlfield tag="004">19820405</controlfield>
  <controlfield tag="005">20170809170007.000</controlfield>
  <controlfield tag="006">0004</controlfield>
  <controlfield tag="007">751052105</controlfield>
  <controlfield tag="008">Tp5</controlfield>
  <datafield tag="010" ind1=" " ind2=" ">
    <subfield code="a">0000000121442412</subfield>
    <subfield code="2">BNF</subfield>
    <subfield code="d">20150918</subfield>
  </datafield>
  <datafield tag="033" ind1=" " ind2=" ">
    <subfield code="a">http://catalogue.bnf.fr/ark:/12148/cb12186797v</subfield>
    <subfield code="2">BNF</subfield>
    <subfield code="d">20150918</subfield>
  </datafield>
  <datafield tag="035" ind1=" " ind2=" ">
    <subfield code="a">030457564</subfield>
    <subfield code="9">sudoc</subfield>
  </datafield>
  <datafield tag="035" ind1=" " ind2=" ">
    <subfield code="a">frBN001669161</subfield>
  </datafield>
  <datafield tag="035" ind1=" " ind2=" ">
    <subfield code="a">frBN006354874</subfield>
  </datafield>
  <datafield tag="035" ind1=" " ind2=" ">
    <subfield code="a">FRBNF121867970</subfield>
    <subfield code="z">FRBNF12186797</subfield>
  </datafield>
  <datafield tag="100" ind1=" " ind2=" ">
    <subfield code="a">19820405afrey50      ba0</subfield>
  </datafield>
  <datafield tag="101" ind1=" " ind2=" ">
    <subfield code="a">eng</subfield>
  </datafield>
  <datafield tag="102" ind1=" " ind2=" ">
    <subfield code="a">US</subfield>
  </datafield>
  <datafield tag="103" ind1=" " ind2=" ">
    <subfield code="a"> 17351030 </subfield>
    <subfield code="b"> 18260704 </subfield>
  </datafield>
  <datafield tag="106" ind1=" " ind2=" ">
    <subfield code="a">0</subfield>
    <subfield code="b">1</subfield>
    <subfield code="c">0</subfield>
  </datafield>
  <datafield tag="120" ind1=" " ind2=" ">
    <subfield code="a">ba</subfield>
  </datafield>
  <datafield tag="152" ind1=" " ind2=" ">
    <subfield code="a">AFNOR</subfield>
  </datafield>
  <datafield tag="200" ind1=" " ind2="1">
    <subfield code="7">ba0yba0y</subfield>
    <subfield code="9">1</subfield>
    <subfield code="a">Adams</subfield>
    <subfield code="b">John</subfield>
    <subfield code="f">1735-1826</subfield>
  </datafield>
  <datafield tag="340" ind1=" " ind2=" ">
    <subfield code="7">ba0yba0y</subfield>
    <subfield code="a">Homme d&apos;État américain. 2e président des États-Unis (fédéraliste) de 1797 à 1801 ; 1er vice-président des États-Unis (1789-1797)</subfield>
  </datafield>
  <datafield tag="550" ind1=" " ind2=" ">
    <subfield code="3">061613614</subfield>
    <subfield code="7">ba0yba0y</subfield>
    <subfield code="a">Présidents</subfield>
    <subfield code="y">États-Unis</subfield>
    <subfield code="x">Élection (1800)</subfield>
  </datafield>
  <datafield tag="801" ind1=" " ind2="3">
    <subfield code="a">FR</subfield>
    <subfield code="b">Abes</subfield>
    <subfield code="c">20170809</subfield>
    <subfield code="g">AFNOR</subfield>
    <subfield code="h">030457564</subfield>
  </datafield>
  <datafield tag="810" ind1=" " ind2=" ">
    <subfield code="a">LCNA, 1977-1986. WWW, États-Unis 1607-1896</subfield>
  </datafield>
  <datafield tag="810" ind1=" " ind2=" ">
    <subfield code="a">GLU</subfield>
  </datafield>
  <datafield tag="810" ind1=" " ind2=" ">
    <subfield code="a">Letters from a distinguished American : 12 essays by John Adams on American foreign policy, 1780 / compiled and ed. by James H. Hutson, 1978</subfield>
  </datafield>
  <datafield tag="810" ind1=" " ind2=" ">
    <subfield code="a">WWW in America, 1607-1896. GDEL. Dizionario biografico universale / G. Garollo, 1907</subfield>
  </datafield>
  <datafield tag="900" ind1=" " ind2=" ">
    <subfield code="a">Adams, John (1735-1826)</subfield>
  </datafield>
</record>