


<record>
  <leader>     cx  a22     3  45  </leader>
  <controlfield tag="001">02793151X</controlfield>
  <controlfield tag="003">http://www.idref.fr/02793151X</controlfield>
  <controlfield tag="004">19850930</controlfield>
  <controlfield tag="005">20190718081658.000</controlfield>
  <controlfield tag="006">0004</controlfield>
  <controlfield tag="007">341720001</controlfield>
  <controlfield tag="008">Tp5</controlfield>
  <datafield tag="010" ind1=" " ind2=" ">
    <subfield code="a">0000000121363829</subfield>
    <subfield code="2">BNF</subfield>
    <subfield code="d">20190507</subfield>
  </datafield>
  <datafield tag="033" ind1=" " ind2=" ">
    <subfield code="a">http://catalogue.bnf.fr/ark:/12148/cb11986754t</subfield>
    <subfield code="2">BNF</subfield>
    <subfield code="d">20150918</subfield>
  </datafield>
  <datafield tag="035" ind1=" " ind2=" ">
    <subfield code="a">027694003</subfield>
    <subfield code="9">sudoc</subfield>
  </datafield>
  <datafield tag="035" ind1=" " ind2=" ">
    <subfield code="a">frBN002253340</subfield>
  </datafield>
  <datafield tag="035" ind1=" " ind2=" ">
    <subfield code="a">frBN00201255X</subfield>
  </datafield>
  <datafield tag="035" ind1=" " ind2=" ">
    <subfield code="a">FRBNF119867543</subfield>
    <subfield code="z">FRBNF11986754</subfield>
  </datafield>
  <datafield tag="100" ind1=" " ind2=" ">
    <subfield code="a">19850930afrey50      ba0</subfield>
  </datafield>
  <datafield tag="101" ind1=" " ind2=" ">
    <subfield code="a">cat</subfield>
  </datafield>
  <datafield tag="102" ind1=" " ind2=" ">
    <subfield code="a">ES</subfield>
  </datafield>
  <datafield tag="103" ind1=" " ind2=" ">
    <subfield code="a"> 12080202 </subfield>
    <subfield code="b"> 12760727 </subfield>
  </datafield>
  <datafield tag="106" ind1=" " ind2=" ">
    <subfield code="a">0</subfield>
    <subfield code="b">1</subfield>
    <subfield code="c">0</subfield>
  </datafield>
  <datafield tag="120" ind1=" " ind2=" ">
    <subfield code="a">ba</subfield>
  </datafield>
  <datafield tag="152" ind1=" " ind2=" ">
    <subfield code="a">AFNOR</subfield>
  </datafield>
  <datafield tag="200" ind1=" " ind2="0">
    <subfield code="7">ba0yba0y</subfield>
    <subfield code="8">frefre</subfield>
    <subfield code="9">1</subfield>
    <subfield code="a">Jacques</subfield>
    <subfield code="d">I</subfield>
    <subfield code="f">1208-1276</subfield>
    <subfield code="c">roi d&apos;Aragon</subfield>
  </datafield>
  <datafield tag="340" ind1=" " ind2=" ">
    <subfield code="7">ba0yba0y</subfield>
    <subfield code="a">Roi d&apos;Aragon de 1213 à 1276. Auteur d&apos;une des quatre grandes chroniques médiévales catalanes</subfield>
  </datafield>
  <datafield tag="400" ind1=" " ind2="0">
    <subfield code="7">ba0yba0y</subfield>
    <subfield code="9">#</subfield>
    <subfield code="a">Jacques le Conquérant</subfield>
    <subfield code="c">roi d&apos;Aragon</subfield>
  </datafield>
  <datafield tag="400" ind1=" " ind2="0">
    <subfield code="7">ba0yba0y</subfield>
    <subfield code="8">frespa</subfield>
    <subfield code="9">#</subfield>
    <subfield code="a">Jaime el Conquistador</subfield>
    <subfield code="c">roi d&apos;Aragon</subfield>
  </datafield>
  <datafield tag="400" ind1=" " ind2="0">
    <subfield code="7">ba0yba0y</subfield>
    <subfield code="8">frecat</subfield>
    <subfield code="9">#</subfield>
    <subfield code="a">Jaume el Conqueridor</subfield>
    <subfield code="c">roi d&apos;Aragon</subfield>
  </datafield>
  <datafield tag="400" ind1=" " ind2="0">
    <subfield code="7">ba0yba0y</subfield>
    <subfield code="8">frecat</subfield>
    <subfield code="9">#</subfield>
    <subfield code="a">Jaume</subfield>
    <subfield code="d">I</subfield>
    <subfield code="c">roi d&apos;Aragon</subfield>
  </datafield>
  <datafield tag="400" ind1=" " ind2="0">
    <subfield code="7">ba0yba0y</subfield>
    <subfield code="9">#</subfield>
    <subfield code="a">Jayme</subfield>
    <subfield code="d">I</subfield>
    <subfield code="c">roi d&apos;Aragon</subfield>
  </datafield>
  <datafield tag="515" ind1=" " ind2=" ">
    <subfield code="3">035289953</subfield>
    <subfield code="7">ba0yba0y</subfield>
    <subfield code="a">Aragon (Espagne)</subfield>
    <subfield code="z">1213-1276 (Jacques I)</subfield>
  </datafield>
  <datafield tag="700" ind1=" " ind2="0">
    <subfield code="7">ba0yba0y</subfield>
    <subfield code="8">frespa</subfield>
    <subfield code="9">0</subfield>
    <subfield code="a">Jaime</subfield>
    <subfield code="d">I</subfield>
    <subfield code="f">1208-1276</subfield>
    <subfield code="c">roi d&apos;Aragon</subfield>
  </datafield>
  <datafield tag="801" ind1=" " ind2="3">
    <subfield code="a">FR</subfield>
    <subfield code="b">Abes</subfield>
    <subfield code="c">20190718</subfield>
    <subfield code="g">AFNOR</subfield>
    <subfield code="h">027694003</subfield>
  </datafield>
  <datafield tag="810" ind1=" " ind2=" ">
    <subfield code="a">Llibre dels feits / Jaume I ; a cura de Ferran Soldevila, 1982</subfield>
  </datafield>
  <datafield tag="810" ind1=" " ind2=" ">
    <subfield code="a">ABEPI</subfield>
    <subfield code="b">Jayme I roi d&apos;Aragon, né le 1er février 1207</subfield>
  </datafield>
  <datafield tag="810" ind1=" " ind2=" ">
    <subfield code="a">Mourre</subfield>
  </datafield>
  <datafield tag="900" ind1=" " ind2=" ">
    <subfield code="a">Jacques I (roi d&apos;Aragon ; 1208-1276)</subfield>
  </datafield>
  <datafield tag="901" ind1=" " ind2=" ">
    <subfield code="a">Jacques le Conquérant (roi d&apos;Aragon)</subfield>
  </datafield>
  <datafield tag="901" ind1=" " ind2=" ">
    <subfield code="a">Jaime el Conquistador (roi d&apos;Aragon)</subfield>
  </datafield>
  <datafield tag="901" ind1=" " ind2=" ">
    <subfield code="a">Jaume el Conqueridor (roi d&apos;Aragon)</subfield>
  </datafield>
  <datafield tag="901" ind1=" " ind2=" ">
    <subfield code="a">Jaume I (roi d&apos;Aragon)</subfield>
  </datafield>
  <datafield tag="901" ind1=" " ind2=" ">
    <subfield code="a">Jayme I (roi d&apos;Aragon)</subfield>
  </datafield>
  <datafield tag="902" ind1=" " ind2=" ">
    <subfield code="a">Jaime I (roi d&apos;Aragon ; 1208-1276)</subfield>
  </datafield>
</record>