


<record>
  <leader>     cx  a22     3  45  </leader>
  <controlfield tag="001">03463620X</controlfield>
  <controlfield tag="003">http://www.idref.fr/03463620X</controlfield>
  <controlfield tag="004">19961028</controlfield>
  <controlfield tag="005">20151001064050.000</controlfield>
  <controlfield tag="006">0004</controlfield>
  <controlfield tag="007">4994</controlfield>
  <controlfield tag="008">Tp5</controlfield>
  <datafield tag="010" ind1=" " ind2=" ">
    <subfield code="a">0000000053359317</subfield>
    <subfield code="2">BNF</subfield>
    <subfield code="d">20150918</subfield>
  </datafield>
  <datafield tag="033" ind1=" " ind2=" ">
    <subfield code="a">http://catalogue.bnf.fr/ark:/12148/cb12537147j</subfield>
    <subfield code="2">BNF</subfield>
    <subfield code="d">20150918</subfield>
  </datafield>
  <datafield tag="035" ind1=" " ind2=" ">
    <subfield code="a">frBN012864878</subfield>
  </datafield>
  <datafield tag="035" ind1=" " ind2=" ">
    <subfield code="a">FRBNF125371473</subfield>
    <subfield code="z">FRBNF12537147</subfield>
  </datafield>
  <datafield tag="100" ind1=" " ind2=" ">
    <subfield code="a">19961028afrey50      ba0</subfield>
  </datafield>
  <datafield tag="101" ind1=" " ind2=" ">
    <subfield code="a">fre</subfield>
  </datafield>
  <datafield tag="102" ind1=" " ind2=" ">
    <subfield code="a">FR</subfield>
  </datafield>
  <datafield tag="106" ind1=" " ind2=" ">
    <subfield code="a">0</subfield>
    <subfield code="b">1</subfield>
    <subfield code="c">0</subfield>
  </datafield>
  <datafield tag="120" ind1=" " ind2=" ">
    <subfield code="a">ba</subfield>
  </datafield>
  <datafield tag="152" ind1=" " ind2=" ">
    <subfield code="a">AFNOR</subfield>
  </datafield>
  <datafield tag="200" ind1=" " ind2="1">
    <subfield code="7">ba0yba0y</subfield>
    <subfield code="9">0</subfield>
    <subfield code="a">Bayle</subfield>
    <subfield code="b">Laurent</subfield>
  </datafield>
  <datafield tag="340" ind1=" " ind2=" ">
    <subfield code="7">ba0yba0y</subfield>
    <subfield code="a">Directeur de l&apos;IRCAM (Institut de recherche et coordination acoustique-musique, Paris) (en 1996)</subfield>
  </datafield>
  <datafield tag="801" ind1=" " ind2="3">
    <subfield code="a">FR</subfield>
    <subfield code="b">Abes</subfield>
    <subfield code="c">20151001</subfield>
    <subfield code="g">AFNOR</subfield>
  </datafield>
  <datafield tag="810" ind1=" " ind2=" ">
    <subfield code="a">Lire l&apos;Ircam / textes de Laurent Bayle et Peter Szendy, 1996</subfield>
  </datafield>
  <datafield tag="900" ind1=" " ind2=" ">
    <subfield code="a">Bayle, Laurent</subfield>
  </datafield>
</record>