


<record>
  <leader>     cx  a22     3  45  </leader>
  <controlfield tag="001">08300565X</controlfield>
  <controlfield tag="003">http://www.idref.fr/08300565X</controlfield>
  <controlfield tag="004">20041231</controlfield>
  <controlfield tag="005">20161010220053.000</controlfield>
  <controlfield tag="006">1999</controlfield>
  <controlfield tag="007">987352101</controlfield>
  <controlfield tag="008">Tp5</controlfield>
  <datafield tag="100" ind1=" " ind2=" ">
    <subfield code="a">20041231afrey50      ba0</subfield>
  </datafield>
  <datafield tag="101" ind1=" " ind2=" ">
    <subfield code="a">fre</subfield>
  </datafield>
  <datafield tag="102" ind1=" " ind2=" ">
    <subfield code="a">FR</subfield>
  </datafield>
  <datafield tag="103" ind1=" " ind2=" ">
    <subfield code="a"> 16990403 </subfield>
    <subfield code="b"> 17820815 </subfield>
  </datafield>
  <datafield tag="106" ind1=" " ind2=" ">
    <subfield code="a">0</subfield>
    <subfield code="b">1</subfield>
    <subfield code="c">0</subfield>
  </datafield>
  <datafield tag="120" ind1=" " ind2=" ">
    <subfield code="a">ba</subfield>
  </datafield>
  <datafield tag="152" ind1=" " ind2=" ">
    <subfield code="a">AFNOR</subfield>
  </datafield>
  <datafield tag="200" ind1=" " ind2="1">
    <subfield code="7">ba0yba0y</subfield>
    <subfield code="9">0</subfield>
    <subfield code="a">Forqueray</subfield>
    <subfield code="b">Jean-Baptiste Antoine</subfield>
    <subfield code="f">1699-1782</subfield>
  </datafield>
  <datafield tag="340" ind1=" " ind2=" ">
    <subfield code="7">ba0yba0y</subfield>
    <subfield code="a">musicien et pédagogue</subfield>
  </datafield>
  <datafield tag="801" ind1=" " ind2="3">
    <subfield code="a">FR</subfield>
    <subfield code="b">Abes</subfield>
    <subfield code="c">20161010</subfield>
    <subfield code="g">AFNOR</subfield>
  </datafield>
  <datafield tag="810" ind1=" " ind2=" ">
    <subfield code="a">Internet,  http://musicologie.org, 2004-12-30</subfield>
    <subfield code="b">Forqueray Jean-Baptiste Antoine * Paris 3 avril 1699,  Paris 15 août 1782. Violiste, fils d&apos;Antoine Forqueray, violiste de la cour. Il recoit ses leçons de musique de son père. Selon Laborde, il étonna la cour dès l&apos;âge de 5 ou 6 ans par sa virtuosité. Son père jaloux le fit enfermer à Bicêtre vers 1715, puis bannir de France en 1725. De ses élèves influents firent lever la sentence, et il revint en France en 1726, après un ou deux mois d&apos;exile. Ordinaire de la chambre. 1761, au service du prince de Conti. Il laisse trois pièces pour viole et basse (manuscrites). Il est remarqué par Quantz alors qu&apos;il participe au petit chœur de l&apos;Académie royale. 1727; A Rennes et Nantes avec Guignon. Il se marie en 1732 avec Jeanne Nolson,et gagne l&apos;entourage du chevalier Étienne Boucon, amateur d&apos;art dont la sœur épousa Mondonville. A la même époque, il joue régulièrement pour le fermier général Ferrand. En 1737, il joue avec Telemann. Après le décès de son épouse, en 1740, il se remarie l&apos;année suivante avec Marie-Rose Dubois, une claveciniste reconnue. En 1742, il succède officiellement à son père à la cour. En 1747, il publie un livre de pièces pour viole avec basse continue qu&apos;il attribue à son père. Parallèlement, il publie une transcription de ces pièces pour clavecin. Il semble avoir abandonné sa carruère de musicien vers 1760 au profit d&apos;activités d&apos;édition musicale. En 1761 il est pourvu d&apos;une pension royale. Vers 1668, il rédige pour Espérendieu, le secrétaire du Prince Friedrich Wilhelm de Prusse des instruction pour le jeu de la viole.</subfield>
  </datafield>
  <datafield tag="900" ind1=" " ind2=" ">
    <subfield code="a">Forqueray, Jean-Baptiste Antoine (1699-1782)</subfield>
  </datafield>
</record>