


<record>
  <leader>     cx  a22     3  45  </leader>
  <controlfield tag="001">15200419X</controlfield>
  <controlfield tag="003">http://www.idref.fr/15200419X</controlfield>
  <controlfield tag="004">20110504</controlfield>
  <controlfield tag="005">20151003051802.000</controlfield>
  <controlfield tag="006">674822118</controlfield>
  <controlfield tag="007">4994</controlfield>
  <controlfield tag="008">Tp5</controlfield>
  <datafield tag="010" ind1=" " ind2=" ">
    <subfield code="a">0000000114426465</subfield>
    <subfield code="2">BNF</subfield>
    <subfield code="d">20150918</subfield>
  </datafield>
  <datafield tag="033" ind1=" " ind2=" ">
    <subfield code="a">http://catalogue.bnf.fr/ark:/12148/cb139002100</subfield>
    <subfield code="2">BNF</subfield>
    <subfield code="d">20150928</subfield>
  </datafield>
  <datafield tag="035" ind1=" " ind2=" ">
    <subfield code="a">FRBNF139002109</subfield>
    <subfield code="z">FRBNF13900210</subfield>
  </datafield>
  <datafield tag="100" ind1=" " ind2=" ">
    <subfield code="a">20110504afrey50      ba0</subfield>
  </datafield>
  <datafield tag="102" ind1=" " ind2=" ">
    <subfield code="a">US</subfield>
  </datafield>
  <datafield tag="103" ind1=" " ind2=" ">
    <subfield code="a"> 19401004 </subfield>
  </datafield>
  <datafield tag="106" ind1=" " ind2=" ">
    <subfield code="a">0</subfield>
    <subfield code="b">1</subfield>
    <subfield code="c">0</subfield>
  </datafield>
  <datafield tag="120" ind1=" " ind2=" ">
    <subfield code="a">ba</subfield>
  </datafield>
  <datafield tag="152" ind1=" " ind2=" ">
    <subfield code="a">AFNOR</subfield>
  </datafield>
  <datafield tag="200" ind1=" " ind2="1">
    <subfield code="7">ba0yba0y</subfield>
    <subfield code="9">0</subfield>
    <subfield code="a">Swallow</subfield>
    <subfield code="b">Steve</subfield>
    <subfield code="f">1940-....</subfield>
  </datafield>
  <datafield tag="300" ind1=" " ind2=" ">
    <subfield code="7">ba0yba0y</subfield>
    <subfield code="a">Contrebassiste et guitare basse. - Egalement membre du groupe Stan Getz&apos;s band (1965-1967)</subfield>
  </datafield>
  <datafield tag="340" ind1=" " ind2=" ">
    <subfield code="7">ba0yba0y</subfield>
    <subfield code="a">Lieu de naissance Fair Lawn (N.Y.)</subfield>
  </datafield>
  <datafield tag="510" ind1="0" ind2=" ">
    <subfield code="0">Membre de</subfield>
    <subfield code="3">158024796</subfield>
    <subfield code="5">z|xxx</subfield>
    <subfield code="7">ba0yba0y</subfield>
    <subfield code="a">Henri Texier Transatlantik quartet</subfield>
  </datafield>
  <datafield tag="510" ind1="0" ind2=" ">
    <subfield code="0">Membre de</subfield>
    <subfield code="3">080493696</subfield>
    <subfield code="5">z|xxx</subfield>
    <subfield code="7">ba0yba0y</subfield>
    <subfield code="a">New Stan Getz quartet</subfield>
  </datafield>
  <datafield tag="510" ind1="0" ind2=" ">
    <subfield code="0">Membre de</subfield>
    <subfield code="3">15802480X</subfield>
    <subfield code="5">z|xxx</subfield>
    <subfield code="7">ba0yba0y</subfield>
    <subfield code="a">Gary Burton quartet</subfield>
  </datafield>
  <datafield tag="510" ind1="0" ind2=" ">
    <subfield code="0">Membre de</subfield>
    <subfield code="3">149303378</subfield>
    <subfield code="5">z|xxx</subfield>
    <subfield code="7">ba0yba0y</subfield>
    <subfield code="a">Gary Burton quintet</subfield>
  </datafield>
  <datafield tag="510" ind1="0" ind2=" ">
    <subfield code="0">Membre de</subfield>
    <subfield code="3">084271604</subfield>
    <subfield code="5">z|xxx</subfield>
    <subfield code="7">ba0yba0y</subfield>
    <subfield code="a">Paul Bley Trio</subfield>
  </datafield>
  <datafield tag="510" ind1="0" ind2=" ">
    <subfield code="0">Membre de</subfield>
    <subfield code="5">z|xxx</subfield>
    <subfield code="7">ba0yba0y</subfield>
    <subfield code="a">Jimmy Giuffre trio</subfield>
  </datafield>
  <datafield tag="510" ind1="0" ind2=" ">
    <subfield code="0">Membre de</subfield>
    <subfield code="5">z|xxx</subfield>
    <subfield code="7">ba0yba0y</subfield>
    <subfield code="a">Carla bley sextet</subfield>
  </datafield>
  <datafield tag="510" ind1="0" ind2=" ">
    <subfield code="0">Membre de</subfield>
    <subfield code="3">177977051</subfield>
    <subfield code="5">z|xxx</subfield>
    <subfield code="7">ba0yba0y</subfield>
    <subfield code="a">The Swallow quintet</subfield>
  </datafield>
  <datafield tag="686" ind1=" " ind2=" ">
    <subfield code="a">780</subfield>
    <subfield code="c">Musique</subfield>
    <subfield code="2">Note de regroupement par domaine</subfield>
  </datafield>
  <datafield tag="801" ind1=" " ind2="0">
    <subfield code="a">FR</subfield>
    <subfield code="b">BnF</subfield>
    <subfield code="c">20081031</subfield>
  </datafield>
  <datafield tag="801" ind1=" " ind2="3">
    <subfield code="a">FR</subfield>
    <subfield code="b">Abes</subfield>
    <subfield code="c">20151003</subfield>
    <subfield code="g">AFNOR</subfield>
  </datafield>
  <datafield tag="810" ind1=" " ind2=" ">
    <subfield code="a">Always pack your uniform on top [Enregistrement sonore] / Steve Swallow, guit. b ; Barry Ries, trp ; Chris Potter, saxo t... [et al.]. Xtra Watt 5435062</subfield>
  </datafield>
  <datafield tag="810" ind1=" " ind2=" ">
    <subfield code="a">Grove Music Online : Swallow, Steve [Stephen W.] - http://www.grovemusic.com (2006-12-07)</subfield>
  </datafield>
  <datafield tag="810" ind1=" " ind2=" ">
    <subfield code="a">AMG - http://allmusic.com (2000-10-03)</subfield>
  </datafield>
  <datafield tag="810" ind1=" " ind2=" ">
    <subfield code="a">Dictionnaire du jazz / Philippe Carles, André Clergeat, Jean-Louis Comoli, 1994</subfield>
  </datafield>
  <datafield tag="900" ind1=" " ind2=" ">
    <subfield code="a">Swallow, Steve (1940-....)</subfield>
  </datafield>
</record>