


<record>
  <leader>     nx  a22     3  45  </leader>
  <controlfield tag="001">16162040X</controlfield>
  <controlfield tag="003">http://www.idref.fr/16162040X</controlfield>
  <controlfield tag="004">20120611</controlfield>
  <controlfield tag="005">20120611164554.000</controlfield>
  <controlfield tag="006">372612204</controlfield>
  <controlfield tag="007">372612204</controlfield>
  <controlfield tag="008">Tp5</controlfield>
  <datafield tag="035" ind1=" " ind2=" ">
    <subfield code="a">FRBNF13922479</subfield>
  </datafield>
  <datafield tag="100" ind1=" " ind2=" ">
    <subfield code="a">20120611afrey50      ba0</subfield>
  </datafield>
  <datafield tag="101" ind1=" " ind2=" ">
    <subfield code="a">fre</subfield>
  </datafield>
  <datafield tag="102" ind1=" " ind2=" ">
    <subfield code="a">FR</subfield>
  </datafield>
  <datafield tag="103" ind1=" " ind2=" ">
    <subfield code="a"> 1945     </subfield>
  </datafield>
  <datafield tag="106" ind1=" " ind2=" ">
    <subfield code="a">0</subfield>
    <subfield code="b">0</subfield>
    <subfield code="c">0</subfield>
  </datafield>
  <datafield tag="120" ind1=" " ind2=" ">
    <subfield code="a">ba</subfield>
  </datafield>
  <datafield tag="152" ind1=" " ind2=" ">
    <subfield code="a">AFNOR</subfield>
  </datafield>
  <datafield tag="200" ind1=" " ind2="1">
    <subfield code="7">ba0yba0y</subfield>
    <subfield code="a">Bocquillon</subfield>
    <subfield code="b">Patrice</subfield>
  </datafield>
  <datafield tag="340" ind1=" " ind2=" ">
    <subfield code="7">ba0yba0y</subfield>
    <subfield code="a">Compositeur et chef d&apos;orchestre. - Joue aussi de la flûte</subfield>
  </datafield>
  <datafield tag="801" ind1=" " ind2="3">
    <subfield code="a">FR</subfield>
    <subfield code="b">Abes</subfield>
    <subfield code="c">20120611</subfield>
    <subfield code="g">AFNOR</subfield>
  </datafield>
  <datafield tag="810" ind1=" " ind2=" ">
    <subfield code="a">Internet, www.bnopale. fr, 2012-06-11</subfield>
  </datafield>
  <datafield tag="900" ind1=" " ind2=" ">
    <subfield code="a">Bocquillon, Patrice</subfield>
  </datafield>
</record>