


<record>
  <leader>     cx  h22     3  45  </leader>
  <controlfield tag="001">027272141</controlfield>
  <controlfield tag="003">http://www.idref.fr/027272141</controlfield>
  <controlfield tag="004">19810213</controlfield>
  <controlfield tag="005">20160519191213.000</controlfield>
  <controlfield tag="006">0004</controlfield>
  <controlfield tag="007">9999</controlfield>
  <controlfield tag="008">Tq5</controlfield>
  <datafield tag="033" ind1=" " ind2=" ">
    <subfield code="a">http://catalogue.bnf.fr/ark:/12148/cb11934981r</subfield>
    <subfield code="2">BNF</subfield>
    <subfield code="d">20150918</subfield>
  </datafield>
  <datafield tag="035" ind1=" " ind2=" ">
    <subfield code="a">188928472</subfield>
    <subfield code="9">sudoc</subfield>
  </datafield>
  <datafield tag="035" ind1=" " ind2=" ">
    <subfield code="a">frBN001564395</subfield>
  </datafield>
  <datafield tag="035" ind1=" " ind2=" ">
    <subfield code="a">FRBNF119349814</subfield>
    <subfield code="z">FRBNF11934981</subfield>
  </datafield>
  <datafield tag="100" ind1=" " ind2=" ">
    <subfield code="a">19810213afrey50      ba0</subfield>
  </datafield>
  <datafield tag="101" ind1=" " ind2=" ">
    <subfield code="a">spa</subfield>
  </datafield>
  <datafield tag="102" ind1=" " ind2=" ">
    <subfield code="a">ES</subfield>
  </datafield>
  <datafield tag="106" ind1=" " ind2=" ">
    <subfield code="a">0</subfield>
    <subfield code="b">1</subfield>
    <subfield code="c">0</subfield>
  </datafield>
  <datafield tag="152" ind1=" " ind2=" ">
    <subfield code="a">AFNOR</subfield>
  </datafield>
  <datafield tag="240" ind1=" " ind2=" ">
    <subfield code="7">ba0yba0y</subfield>
    <subfield code="a">Alemán, Mateo (1547-1615)</subfield>
    <subfield code="t">Guzmán de Alfarache</subfield>
  </datafield>
  <datafield tag="300" ind1=" " ind2=" ">
    <subfield code="7">ba0yba0y</subfield>
    <subfield code="a">Roman picaresque en 2 parties</subfield>
  </datafield>
  <datafield tag="440" ind1=" " ind2=" ">
    <subfield code="7">ba0yba0y</subfield>
    <subfield code="a">Alemán, Mateo (1547-1615)</subfield>
    <subfield code="t">Vida de Guzmán de Alfarache</subfield>
  </datafield>
  <datafield tag="801" ind1=" " ind2="3">
    <subfield code="a">FR</subfield>
    <subfield code="b">Abes</subfield>
    <subfield code="c">20160519</subfield>
    <subfield code="g">AFNOR</subfield>
    <subfield code="h">188928472</subfield>
  </datafield>
  <datafield tag="810" ind1=" " ind2=" ">
    <subfield code="a">Protée et le Gueux : recherches sur les origines et la nature du récit picaresque dans Guzmán de Alfarache / Edmond Cros, 1967</subfield>
  </datafield>
  <datafield tag="810" ind1=" " ind2=" ">
    <subfield code="a">Reading and fiction in Golden-Age Spain / B. W. Ife, 1985</subfield>
  </datafield>
  <datafield tag="810" ind1=" " ind2=" ">
    <subfield code="a">Site internet - BNF, http://catalogue.bnf.fr (2016-05-19)</subfield>
    <subfield code="b">années de vie de Mateo Alemán 1547-1615</subfield>
  </datafield>
  <datafield tag="940" ind1=" " ind2=" ">
    <subfield code="a">Alemán, Mateo (1547-1615). Guzmán de Alfarache</subfield>
  </datafield>
  <datafield tag="941" ind1=" " ind2=" ">
    <subfield code="a">Alemán, Mateo (1547-1615). Vida de Guzmán de Alfarache</subfield>
  </datafield>
</record>