


<record>
  <leader>     cx  h22     3  45  </leader>
  <controlfield tag="001">027285898</controlfield>
  <controlfield tag="003">http://www.idref.fr/027285898</controlfield>
  <controlfield tag="004">19901221</controlfield>
  <controlfield tag="005">20160926142555.000</controlfield>
  <controlfield tag="006">0004</controlfield>
  <controlfield tag="007">751052342</controlfield>
  <controlfield tag="008">Tq5</controlfield>
  <datafield tag="033" ind1=" " ind2=" ">
    <subfield code="a">http://catalogue.bnf.fr/ark:/12148/cb11936111v</subfield>
    <subfield code="2">BNF</subfield>
    <subfield code="d">20150918</subfield>
  </datafield>
  <datafield tag="035" ind1=" " ind2=" ">
    <subfield code="a">144758288</subfield>
    <subfield code="9">sudoc</subfield>
  </datafield>
  <datafield tag="035" ind1=" " ind2=" ">
    <subfield code="a">frBN001578007</subfield>
  </datafield>
  <datafield tag="035" ind1=" " ind2=" ">
    <subfield code="a">FRBNF119361115</subfield>
    <subfield code="z">FRBNF11936111</subfield>
  </datafield>
  <datafield tag="100" ind1=" " ind2=" ">
    <subfield code="a">19901221afrey50      ba0</subfield>
  </datafield>
  <datafield tag="101" ind1=" " ind2=" ">
    <subfield code="a">fre</subfield>
  </datafield>
  <datafield tag="102" ind1=" " ind2=" ">
    <subfield code="a">FR</subfield>
  </datafield>
  <datafield tag="103" ind1=" " ind2=" ">
    <subfield code="a"> 1782     </subfield>
  </datafield>
  <datafield tag="106" ind1=" " ind2=" ">
    <subfield code="a">2</subfield>
    <subfield code="b">1</subfield>
    <subfield code="c">0</subfield>
  </datafield>
  <datafield tag="152" ind1=" " ind2=" ">
    <subfield code="a">AFNOR</subfield>
  </datafield>
  <datafield tag="240" ind1=" " ind2=" ">
    <subfield code="7">ba0yba0y</subfield>
    <subfield code="a">Choderlos de Laclos, Pierre Ambroise François (1741-1803)</subfield>
    <subfield code="t">Les liaisons dangereuses</subfield>
  </datafield>
  <datafield tag="300" ind1=" " ind2=" ">
    <subfield code="7">ba0yba0y</subfield>
    <subfield code="a">Roman épistolaire publié en 1782. Porte en sous titre : Lettres recueillies dans une société et publiées pour l’instruction de quelques autres.</subfield>
  </datafield>
  <datafield tag="801" ind1=" " ind2="3">
    <subfield code="a">FR</subfield>
    <subfield code="b">Abes</subfield>
    <subfield code="c">20160926</subfield>
    <subfield code="g">AFNOR</subfield>
    <subfield code="h">144758288</subfield>
  </datafield>
  <datafield tag="810" ind1=" " ind2=" ">
    <subfield code="a">De l&apos;écrit à l&apos;écran [Texte imprimé] : l&apos;adaptation des &quot;Liaisons dangereuses&quot;, Vadim (1960), Forman (1989), Frears (1989) / Alain Sebbah ; sous la direction de Jean-Michel Racault. - [S.l.] : [s.n.], 1993</subfield>
  </datafield>
  <datafield tag="940" ind1=" " ind2=" ">
    <subfield code="a">Choderlos de Laclos, Pierre Ambroise François (1741-1803). Les liaisons dangereuses</subfield>
  </datafield>
</record>