


<record>
  <leader>     cx  h22     3  45  </leader>
  <controlfield tag="001">027285928</controlfield>
  <controlfield tag="003">http://www.idref.fr/027285928</controlfield>
  <controlfield tag="004">19810226</controlfield>
  <controlfield tag="005">20150929113944.000</controlfield>
  <controlfield tag="006">0004</controlfield>
  <controlfield tag="007">4994</controlfield>
  <controlfield tag="008">Tq5</controlfield>
  <datafield tag="033" ind1=" " ind2=" ">
    <subfield code="a">http://catalogue.bnf.fr/ark:/12148/cb11936113j</subfield>
    <subfield code="2">BNF</subfield>
    <subfield code="d">20150918</subfield>
  </datafield>
  <datafield tag="035" ind1=" " ind2=" ">
    <subfield code="a">frBN001578021</subfield>
  </datafield>
  <datafield tag="035" ind1=" " ind2=" ">
    <subfield code="a">FRBNF11936113X</subfield>
    <subfield code="z">FRBNF11936113</subfield>
  </datafield>
  <datafield tag="100" ind1=" " ind2=" ">
    <subfield code="a">19810226afrey50      ba0</subfield>
  </datafield>
  <datafield tag="106" ind1=" " ind2=" ">
    <subfield code="a">2</subfield>
    <subfield code="b">1</subfield>
    <subfield code="c">0</subfield>
  </datafield>
  <datafield tag="152" ind1=" " ind2=" ">
    <subfield code="a">AFNOR</subfield>
  </datafield>
  <datafield tag="240" ind1=" " ind2=" ">
    <subfield code="7">ba0yba0y</subfield>
    <subfield code="a">Chrétien de Troyes (113.-1183?)</subfield>
    <subfield code="t">Perceval ou le Conte du Graal</subfield>
  </datafield>
  <datafield tag="530" ind1=" " ind2=" ">
    <subfield code="3">029210828</subfield>
    <subfield code="7">ba0yba0y</subfield>
    <subfield code="a">Rappoltsteiner Parzifal</subfield>
  </datafield>
  <datafield tag="530" ind1=" " ind2=" ">
    <subfield code="3">029397138</subfield>
    <subfield code="7">ba0yba0y</subfield>
    <subfield code="a">Perceval</subfield>
    <subfield code="n">continuations</subfield>
  </datafield>
  <datafield tag="801" ind1=" " ind2="3">
    <subfield code="a">FR</subfield>
    <subfield code="b">Abes</subfield>
    <subfield code="c">20150929</subfield>
    <subfield code="g">AFNOR</subfield>
  </datafield>
  <datafield tag="940" ind1=" " ind2=" ">
    <subfield code="a">Chrétien de Troyes (113.-1183?). Perceval ou le Conte du Graal</subfield>
  </datafield>
</record>