


<record>
  <leader>     cx  h22     3  45  </leader>
  <controlfield tag="001">027287068</controlfield>
  <controlfield tag="003">http://www.idref.fr/027287068</controlfield>
  <controlfield tag="004">19810226</controlfield>
  <controlfield tag="005">20150929113945.000</controlfield>
  <controlfield tag="006">0004</controlfield>
  <controlfield tag="007">4994</controlfield>
  <controlfield tag="008">Tq5</controlfield>
  <datafield tag="033" ind1=" " ind2=" ">
    <subfield code="a">http://catalogue.bnf.fr/ark:/12148/cb119362145</subfield>
    <subfield code="2">BNF</subfield>
    <subfield code="d">20150918</subfield>
  </datafield>
  <datafield tag="035" ind1=" " ind2=" ">
    <subfield code="a">frBN001579212</subfield>
  </datafield>
  <datafield tag="035" ind1=" " ind2=" ">
    <subfield code="a">FRBNF119362142</subfield>
    <subfield code="z">FRBNF11936214</subfield>
  </datafield>
  <datafield tag="100" ind1=" " ind2=" ">
    <subfield code="a">19810226afrey50      ba0</subfield>
  </datafield>
  <datafield tag="106" ind1=" " ind2=" ">
    <subfield code="a">2</subfield>
    <subfield code="b">1</subfield>
    <subfield code="c">0</subfield>
  </datafield>
  <datafield tag="152" ind1=" " ind2=" ">
    <subfield code="a">AFNOR</subfield>
  </datafield>
  <datafield tag="240" ind1=" " ind2=" ">
    <subfield code="7">ba0yba0y</subfield>
    <subfield code="a">Defoe, Daniel (1661?-1731)</subfield>
    <subfield code="t">Robinson Crusoe</subfield>
  </datafield>
  <datafield tag="440" ind1=" " ind2=" ">
    <subfield code="7">ba0yba0y</subfield>
    <subfield code="a">Defoe, Daniel (1661?-1731)</subfield>
    <subfield code="t">The life and strange surprising adventures of Robinson Crusoe</subfield>
  </datafield>
  <datafield tag="500" ind1=" " ind2=" ">
    <subfield code="3">031025579</subfield>
    <subfield code="7">ba0yba0y</subfield>
    <subfield code="a">Crusoe</subfield>
    <subfield code="b">Robinson</subfield>
    <subfield code="c">personnage fictif</subfield>
  </datafield>
  <datafield tag="801" ind1=" " ind2="3">
    <subfield code="a">FR</subfield>
    <subfield code="b">Abes</subfield>
    <subfield code="c">20150929</subfield>
    <subfield code="g">AFNOR</subfield>
  </datafield>
  <datafield tag="940" ind1=" " ind2=" ">
    <subfield code="a">Defoe, Daniel (1661?-1731). Robinson Crusoe</subfield>
  </datafield>
  <datafield tag="941" ind1=" " ind2=" ">
    <subfield code="a">Defoe, Daniel (1661?-1731). The life and strange surprising adventures of Robinson Crusoe</subfield>
  </datafield>
</record>