


<record>
  <leader>     cx  h22     3  45  </leader>
  <controlfield tag="001">027287386</controlfield>
  <controlfield tag="003">http://www.idref.fr/027287386</controlfield>
  <controlfield tag="004">19810226</controlfield>
  <controlfield tag="005">20151106101641.000</controlfield>
  <controlfield tag="006">0004</controlfield>
  <controlfield tag="007">751132108</controlfield>
  <controlfield tag="008">Tq5</controlfield>
  <datafield tag="033" ind1=" " ind2=" ">
    <subfield code="a">http://catalogue.bnf.fr/ark:/12148/cb11936242d</subfield>
    <subfield code="2">BNF</subfield>
    <subfield code="d">20150918</subfield>
  </datafield>
  <datafield tag="035" ind1=" " ind2=" ">
    <subfield code="a">059218770</subfield>
    <subfield code="9">sudoc</subfield>
  </datafield>
  <datafield tag="035" ind1=" " ind2=" ">
    <subfield code="a">12668944X</subfield>
    <subfield code="9">sudoc</subfield>
  </datafield>
  <datafield tag="035" ind1=" " ind2=" ">
    <subfield code="a">frBN001579543</subfield>
  </datafield>
  <datafield tag="035" ind1=" " ind2=" ">
    <subfield code="a">FRBNF119362427</subfield>
    <subfield code="z">FRBNF11936242</subfield>
  </datafield>
  <datafield tag="100" ind1=" " ind2=" ">
    <subfield code="a">19810226afrey50      ba0</subfield>
  </datafield>
  <datafield tag="101" ind1=" " ind2=" ">
    <subfield code="a">rus</subfield>
  </datafield>
  <datafield tag="102" ind1=" " ind2=" ">
    <subfield code="a">RU</subfield>
  </datafield>
  <datafield tag="103" ind1=" " ind2=" ">
    <subfield code="a"> 1866     </subfield>
    <subfield code="b"> 1866     </subfield>
  </datafield>
  <datafield tag="106" ind1=" " ind2=" ">
    <subfield code="a">2</subfield>
    <subfield code="b">1</subfield>
    <subfield code="c">0</subfield>
  </datafield>
  <datafield tag="152" ind1=" " ind2=" ">
    <subfield code="a">AFNOR</subfield>
  </datafield>
  <datafield tag="240" ind1=" " ind2=" ">
    <subfield code="6">a01</subfield>
    <subfield code="7">ba0yca0y</subfield>
    <subfield code="a">Достоевский, Фёдор Михайлович (1821-1881)</subfield>
    <subfield code="t">Преступление и наказание</subfield>
  </datafield>
  <datafield tag="240" ind1=" " ind2=" ">
    <subfield code="6">a01</subfield>
    <subfield code="7">ba0yba0y</subfield>
    <subfield code="a">Dostoïevski, Fedor Mikhailovitch (1821-1881)</subfield>
    <subfield code="t">Crime et châtiment</subfield>
  </datafield>
  <datafield tag="300" ind1="1" ind2=" ">
    <subfield code="7">ba0yba0y</subfield>
    <subfield code="a">Roman paru en 1866</subfield>
  </datafield>
  <datafield tag="440" ind1=" " ind2=" ">
    <subfield code="7">ba0yba0y</subfield>
    <subfield code="a">Dostoïevski, Fedor Mikhailovitch (1821-1881)</subfield>
    <subfield code="t">Prestuplenie i nakazanie</subfield>
  </datafield>
  <datafield tag="801" ind1=" " ind2="3">
    <subfield code="a">FR</subfield>
    <subfield code="b">Abes</subfield>
    <subfield code="c">20151106</subfield>
    <subfield code="g">AFNOR</subfield>
    <subfield code="h">059218770</subfield>
  </datafield>
  <datafield tag="801" ind1=" " ind2="3">
    <subfield code="a">FR</subfield>
    <subfield code="b">Abes</subfield>
    <subfield code="c">20151106</subfield>
    <subfield code="g">AFNOR</subfield>
    <subfield code="h">12668944X</subfield>
  </datafield>
  <datafield tag="940" ind1=" " ind2=" ">
    <subfield code="6">01</subfield>
    <subfield code="7">ca</subfield>
    <subfield code="a">Достоевский, Фёдор Михайлович (1821-1881). Преступление и наказание</subfield>
  </datafield>
  <datafield tag="940" ind1=" " ind2=" ">
    <subfield code="6">01</subfield>
    <subfield code="7">ba</subfield>
    <subfield code="a">Dostoïevski, Fedor Mikhailovitch (1821-1881). Crime et châtiment</subfield>
  </datafield>
  <datafield tag="941" ind1=" " ind2=" ">
    <subfield code="a">Dostoïevski, Fedor Mikhailovitch (1821-1881). Prestuplenie i nakazanie</subfield>
  </datafield>
</record>