


<record>
  <leader>     cx  h22     3  45  </leader>
  <controlfield tag="001">02731202X</controlfield>
  <controlfield tag="003">http://www.idref.fr/02731202X</controlfield>
  <controlfield tag="004">19810429</controlfield>
  <controlfield tag="005">20160115050002.000</controlfield>
  <controlfield tag="006">0004</controlfield>
  <controlfield tag="007">4994</controlfield>
  <controlfield tag="008">Tq5</controlfield>
  <datafield tag="033" ind1=" " ind2=" ">
    <subfield code="a">http://catalogue.bnf.fr/ark:/12148/cb119381658</subfield>
    <subfield code="2">BNF</subfield>
    <subfield code="d">20160114</subfield>
  </datafield>
  <datafield tag="035" ind1=" " ind2=" ">
    <subfield code="a">frBN001605116</subfield>
  </datafield>
  <datafield tag="035" ind1=" " ind2=" ">
    <subfield code="a">FRBNF119381655</subfield>
    <subfield code="z">FRBNF11938165</subfield>
  </datafield>
  <datafield tag="100" ind1=" " ind2=" ">
    <subfield code="a">19810429afrey50      ba0</subfield>
  </datafield>
  <datafield tag="101" ind1=" " ind2=" ">
    <subfield code="a">fre</subfield>
  </datafield>
  <datafield tag="102" ind1=" " ind2=" ">
    <subfield code="a">FR</subfield>
  </datafield>
  <datafield tag="103" ind1=" " ind2=" ">
    <subfield code="a"> 1792     </subfield>
  </datafield>
  <datafield tag="106" ind1=" " ind2=" ">
    <subfield code="a">2</subfield>
    <subfield code="b">1</subfield>
    <subfield code="c">0</subfield>
  </datafield>
  <datafield tag="152" ind1=" " ind2=" ">
    <subfield code="a">AFNOR</subfield>
  </datafield>
  <datafield tag="240" ind1=" " ind2=" ">
    <subfield code="7">ba0yba0y</subfield>
    <subfield code="8">frefre</subfield>
    <subfield code="9">0</subfield>
    <subfield code="a">Rouget de Lisle, Claude Joseph (1760-1836)</subfield>
    <subfield code="t">La Marseillaise</subfield>
  </datafield>
  <datafield tag="300" ind1=" " ind2=" ">
    <subfield code="7">ba0yba0y</subfield>
    <subfield code="a">Chant patriotique devenu hymne national français, composé (paroles et musique) à Strasbourg dans la nuit du 25 au 26 avril 1792 (8 au 9 thermidor an II) par le capitaine de génie Rouget de Lisle. D&apos;abord intitulé &quot;Chant de guerre pour l&apos;armée du Rhin&quot;, cet hymne fut adopté par le bataillon de fédérés de Marseille, venu à Paris en août 1792 et qui prit part à la journée du 10 août. Devenue chant national par un décret daté du 14 juillet 1795 (26 messidor an III), &quot;La Marseillaise&quot; fut interdite sous la Restauration et le Second Empire. Elle devint définitivement l&apos;hymne national de la France en 1879</subfield>
  </datafield>
  <datafield tag="440" ind1=" " ind2=" ">
    <subfield code="7">ba0yba0y</subfield>
    <subfield code="8">frefre</subfield>
    <subfield code="9">#</subfield>
    <subfield code="a">Rouget de Lisle, Claude Joseph (1760-1836)</subfield>
    <subfield code="t">Air des Marseillais</subfield>
  </datafield>
  <datafield tag="440" ind1=" " ind2=" ">
    <subfield code="7">ba0yba0y</subfield>
    <subfield code="8">frefre</subfield>
    <subfield code="9">#</subfield>
    <subfield code="a">Rouget de Lisle, Claude Joseph (1760-1836)</subfield>
    <subfield code="t">Air des Marseillois</subfield>
  </datafield>
  <datafield tag="440" ind1=" " ind2=" ">
    <subfield code="7">ba0yba0y</subfield>
    <subfield code="8">frefre</subfield>
    <subfield code="9">#</subfield>
    <subfield code="a">Rouget de Lisle, Claude Joseph (1760-1836)</subfield>
    <subfield code="t">Allons, enfants de la patrie</subfield>
  </datafield>
  <datafield tag="440" ind1=" " ind2=" ">
    <subfield code="7">ba0yba0y</subfield>
    <subfield code="8">frefre</subfield>
    <subfield code="9">#</subfield>
    <subfield code="a">Rouget de Lisle, Claude Joseph (1760-1836)</subfield>
    <subfield code="t">Chanson des Marseillais</subfield>
  </datafield>
  <datafield tag="440" ind1=" " ind2=" ">
    <subfield code="7">ba0yba0y</subfield>
    <subfield code="8">frefre</subfield>
    <subfield code="9">#</subfield>
    <subfield code="a">Rouget de Lisle, Claude Joseph (1760-1836)</subfield>
    <subfield code="t">Chanson des Marseillois</subfield>
  </datafield>
  <datafield tag="440" ind1=" " ind2=" ">
    <subfield code="7">ba0yba0y</subfield>
    <subfield code="8">frefre</subfield>
    <subfield code="9">#</subfield>
    <subfield code="a">Rouget de Lisle, Claude Joseph (1760-1836)</subfield>
    <subfield code="t">Chant de guerre pour l&apos;armée du Rhin</subfield>
  </datafield>
  <datafield tag="440" ind1=" " ind2=" ">
    <subfield code="7">ba0yba0y</subfield>
    <subfield code="8">frefre</subfield>
    <subfield code="9">#</subfield>
    <subfield code="a">Rouget de Lisle, Claude Joseph (1760-1836)</subfield>
    <subfield code="t">Chant national de la France</subfield>
  </datafield>
  <datafield tag="440" ind1=" " ind2=" ">
    <subfield code="7">ba0yba0y</subfield>
    <subfield code="8">frefre</subfield>
    <subfield code="9">#</subfield>
    <subfield code="a">Rouget de Lisle, Claude Joseph (1760-1836)</subfield>
    <subfield code="t">Chant national français</subfield>
  </datafield>
  <datafield tag="440" ind1=" " ind2=" ">
    <subfield code="7">ba0yba0y</subfield>
    <subfield code="8">frefre</subfield>
    <subfield code="9">#</subfield>
    <subfield code="a">Rouget de Lisle, Claude Joseph (1760-1836)</subfield>
    <subfield code="t">Hymne à la patrie</subfield>
  </datafield>
  <datafield tag="440" ind1=" " ind2=" ">
    <subfield code="7">ba0yba0y</subfield>
    <subfield code="8">frefre</subfield>
    <subfield code="9">#</subfield>
    <subfield code="a">Rouget de Lisle, Claude Joseph (1760-1836)</subfield>
    <subfield code="t">Hymne des Marseillais</subfield>
  </datafield>
  <datafield tag="440" ind1=" " ind2=" ">
    <subfield code="7">ba0yba0y</subfield>
    <subfield code="8">frefre</subfield>
    <subfield code="9">#</subfield>
    <subfield code="a">Rouget de Lisle, Claude Joseph (1760-1836)</subfield>
    <subfield code="t">Hymne des Marseillois</subfield>
  </datafield>
  <datafield tag="440" ind1=" " ind2=" ">
    <subfield code="7">ba0yba0y</subfield>
    <subfield code="8">frefre</subfield>
    <subfield code="9">#</subfield>
    <subfield code="a">Rouget de Lisle, Claude Joseph (1760-1836)</subfield>
    <subfield code="t">Hymne et marche des Marseillais</subfield>
  </datafield>
  <datafield tag="440" ind1=" " ind2=" ">
    <subfield code="7">ba0yba0y</subfield>
    <subfield code="8">frefre</subfield>
    <subfield code="9">#</subfield>
    <subfield code="a">Rouget de Lisle, Claude Joseph (1760-1836)</subfield>
    <subfield code="t">Hymne et marche des Marseillois</subfield>
  </datafield>
  <datafield tag="440" ind1=" " ind2=" ">
    <subfield code="7">ba0yba0y</subfield>
    <subfield code="8">frefre</subfield>
    <subfield code="9">#</subfield>
    <subfield code="a">Rouget de Lisle, Claude Joseph (1760-1836)</subfield>
    <subfield code="t">Hymne national des Français</subfield>
  </datafield>
  <datafield tag="440" ind1=" " ind2=" ">
    <subfield code="7">ba0yba0y</subfield>
    <subfield code="8">frefre</subfield>
    <subfield code="9">#</subfield>
    <subfield code="a">Rouget de Lisle, Claude Joseph (1760-1836)</subfield>
    <subfield code="t">Hymne national français</subfield>
  </datafield>
  <datafield tag="440" ind1=" " ind2=" ">
    <subfield code="7">ba0yba0y</subfield>
    <subfield code="8">frefre</subfield>
    <subfield code="9">#</subfield>
    <subfield code="a">Rouget de Lisle, Claude Joseph (1760-1836)</subfield>
    <subfield code="t">Marche des Marseillais</subfield>
  </datafield>
  <datafield tag="440" ind1=" " ind2=" ">
    <subfield code="7">ba0yba0y</subfield>
    <subfield code="8">frefre</subfield>
    <subfield code="9">#</subfield>
    <subfield code="a">Rouget de Lisle, Claude Joseph (1760-1836)</subfield>
    <subfield code="t">Marche des Marseillois</subfield>
  </datafield>
  <datafield tag="686" ind1=" " ind2=" ">
    <subfield code="a">780</subfield>
    <subfield code="c">Musique</subfield>
    <subfield code="2">Note de regroupement par domaine</subfield>
  </datafield>
  <datafield tag="686" ind1=" " ind2=" ">
    <subfield code="a">944</subfield>
    <subfield code="c">Histoire de la France</subfield>
    <subfield code="2">Note de regroupement par domaine</subfield>
  </datafield>
  <datafield tag="801" ind1=" " ind2="0">
    <subfield code="a">FR</subfield>
    <subfield code="b">BnF</subfield>
    <subfield code="c">20040427</subfield>
  </datafield>
  <datafield tag="801" ind1=" " ind2="3">
    <subfield code="a">FR</subfield>
    <subfield code="b">Abes</subfield>
    <subfield code="c">20160115</subfield>
    <subfield code="g">AFNOR</subfield>
  </datafield>
  <datafield tag="810" ind1=" " ind2=" ">
    <subfield code="a">Histoire de la Marseillaise / H. Luxardo, 1989</subfield>
  </datafield>
  <datafield tag="810" ind1=" " ind2=" ">
    <subfield code="a">Dictionnaire des œuvres de l&apos;art vocal : G-O / sous la dir. de M. Honegger et P. Prévost, 1991</subfield>
  </datafield>
  <datafield tag="940" ind1=" " ind2=" ">
    <subfield code="a">Rouget de Lisle, Claude Joseph (1760-1836). La Marseillaise</subfield>
  </datafield>
  <datafield tag="941" ind1=" " ind2=" ">
    <subfield code="a">Rouget de Lisle, Claude Joseph (1760-1836). Air des Marseillais</subfield>
  </datafield>
  <datafield tag="941" ind1=" " ind2=" ">
    <subfield code="a">Rouget de Lisle, Claude Joseph (1760-1836). Air des Marseillois</subfield>
  </datafield>
  <datafield tag="941" ind1=" " ind2=" ">
    <subfield code="a">Rouget de Lisle, Claude Joseph (1760-1836). Allons, enfants de la patrie</subfield>
  </datafield>
  <datafield tag="941" ind1=" " ind2=" ">
    <subfield code="a">Rouget de Lisle, Claude Joseph (1760-1836). Chanson des Marseillais</subfield>
  </datafield>
  <datafield tag="941" ind1=" " ind2=" ">
    <subfield code="a">Rouget de Lisle, Claude Joseph (1760-1836). Chanson des Marseillois</subfield>
  </datafield>
  <datafield tag="941" ind1=" " ind2=" ">
    <subfield code="a">Rouget de Lisle, Claude Joseph (1760-1836). Chant de guerre pour l&apos;armée du Rhin</subfield>
  </datafield>
  <datafield tag="941" ind1=" " ind2=" ">
    <subfield code="a">Rouget de Lisle, Claude Joseph (1760-1836). Chant national de la France</subfield>
  </datafield>
  <datafield tag="941" ind1=" " ind2=" ">
    <subfield code="a">Rouget de Lisle, Claude Joseph (1760-1836). Chant national français</subfield>
  </datafield>
  <datafield tag="941" ind1=" " ind2=" ">
    <subfield code="a">Rouget de Lisle, Claude Joseph (1760-1836). Hymne à la patrie</subfield>
  </datafield>
  <datafield tag="941" ind1=" " ind2=" ">
    <subfield code="a">Rouget de Lisle, Claude Joseph (1760-1836). Hymne des Marseillais</subfield>
  </datafield>
  <datafield tag="941" ind1=" " ind2=" ">
    <subfield code="a">Rouget de Lisle, Claude Joseph (1760-1836). Hymne des Marseillois</subfield>
  </datafield>
  <datafield tag="941" ind1=" " ind2=" ">
    <subfield code="a">Rouget de Lisle, Claude Joseph (1760-1836). Hymne et marche des Marseillais</subfield>
  </datafield>
  <datafield tag="941" ind1=" " ind2=" ">
    <subfield code="a">Rouget de Lisle, Claude Joseph (1760-1836). Hymne et marche des Marseillois</subfield>
  </datafield>
  <datafield tag="941" ind1=" " ind2=" ">
    <subfield code="a">Rouget de Lisle, Claude Joseph (1760-1836). Hymne national des Français</subfield>
  </datafield>
  <datafield tag="941" ind1=" " ind2=" ">
    <subfield code="a">Rouget de Lisle, Claude Joseph (1760-1836). Hymne national français</subfield>
  </datafield>
  <datafield tag="941" ind1=" " ind2=" ">
    <subfield code="a">Rouget de Lisle, Claude Joseph (1760-1836). Marche des Marseillais</subfield>
  </datafield>
  <datafield tag="941" ind1=" " ind2=" ">
    <subfield code="a">Rouget de Lisle, Claude Joseph (1760-1836). Marche des Marseillois</subfield>
  </datafield>
</record>