


<record>
  <leader>     cx  f22     3  45  </leader>
  <controlfield tag="001">028569547</controlfield>
  <controlfield tag="003">http://www.idref.fr/028569547</controlfield>
  <controlfield tag="004">19860101</controlfield>
  <controlfield tag="005">20091001030505.000</controlfield>
  <controlfield tag="006">0004</controlfield>
  <controlfield tag="007">1999</controlfield>
  <controlfield tag="008">Tu5</controlfield>
  <datafield tag="035" ind1=" " ind2=" ">
    <subfield code="a">frBN003260487</subfield>
  </datafield>
  <datafield tag="035" ind1=" " ind2=" ">
    <subfield code="a">FRBNF120379021</subfield>
    <subfield code="z">FRBNF12037902</subfield>
  </datafield>
  <datafield tag="100" ind1=" " ind2=" ">
    <subfield code="a">19860101afrey50      ba0</subfield>
  </datafield>
  <datafield tag="101" ind1=" " ind2=" ">
    <subfield code="a">fre</subfield>
  </datafield>
  <datafield tag="102" ind1=" " ind2=" ">
    <subfield code="a">FR</subfield>
  </datafield>
  <datafield tag="103" ind1=" " ind2=" ">
    <subfield code="a"> 19451001 </subfield>
  </datafield>
  <datafield tag="106" ind1=" " ind2=" ">
    <subfield code="a">0</subfield>
    <subfield code="b">1</subfield>
    <subfield code="c">0</subfield>
  </datafield>
  <datafield tag="152" ind1=" " ind2=" ">
    <subfield code="a">AFNOR</subfield>
  </datafield>
  <datafield tag="230" ind1=" " ind2=" ">
    <subfield code="7">ba0yba0y</subfield>
    <subfield code="9">1</subfield>
    <subfield code="a">Les Temps modernes (périodique)</subfield>
  </datafield>
  <datafield tag="300" ind1="0" ind2=" ">
    <subfield code="7">ba0yba0y</subfield>
    <subfield code="a">Périodique français, revue mensuelle philosophique, politique et littéraire, fondée en 1945 par Jean-Paul Sartre, avec la collaboration notamment de R. Aron, S. de Beauvoir, M. Leiris, M. Merleau-Ponty, Etiemble.Une partie de la gauche intellectuelle non-communiste s&apos;y est exprimée. A la mort de Sartre en 1980, S. de Beauvoir a repris la direction de la publication</subfield>
  </datafield>
  <datafield tag="500" ind1=" " ind2=" ">
    <subfield code="3">027123227</subfield>
    <subfield code="7">ba0yba0y</subfield>
    <subfield code="a">Sartre</subfield>
    <subfield code="b">Jean-Paul</subfield>
    <subfield code="f">1905-1980</subfield>
  </datafield>
  <datafield tag="801" ind1=" " ind2="3">
    <subfield code="a">FR</subfield>
    <subfield code="b">Abes</subfield>
    <subfield code="c">20091001</subfield>
    <subfield code="g">AFNOR</subfield>
  </datafield>
  <datafield tag="810" ind1=" " ind2=" ">
    <subfield code="a">Myriade, 1996-06</subfield>
  </datafield>
  <datafield tag="810" ind1=" " ind2=" ">
    <subfield code="a">GLU</subfield>
  </datafield>
  <datafield tag="930" ind1=" " ind2=" ">
    <subfield code="a">Les Temps modernes (périodique)</subfield>
  </datafield>
</record>