


<record>
  <leader>     cx  f22     3  45  </leader>
  <controlfield tag="001">030106192</controlfield>
  <controlfield tag="003">http://www.idref.fr/030106192</controlfield>
  <controlfield tag="004">19900824</controlfield>
  <controlfield tag="005">20091001041443.000</controlfield>
  <controlfield tag="006">0004</controlfield>
  <controlfield tag="007">1999</controlfield>
  <controlfield tag="008">Tu5</controlfield>
  <datafield tag="035" ind1=" " ind2=" ">
    <subfield code="a">frBN005272851</subfield>
  </datafield>
  <datafield tag="035" ind1=" " ind2=" ">
    <subfield code="a">FRBNF121588508</subfield>
    <subfield code="z">FRBNF12158850</subfield>
  </datafield>
  <datafield tag="100" ind1=" " ind2=" ">
    <subfield code="a">19900824afrey50      ba0</subfield>
  </datafield>
  <datafield tag="101" ind1=" " ind2=" ">
    <subfield code="a">ita</subfield>
  </datafield>
  <datafield tag="102" ind1=" " ind2=" ">
    <subfield code="a">IT</subfield>
  </datafield>
  <datafield tag="103" ind1=" " ind2=" ">
    <subfield code="a"> 1891     </subfield>
  </datafield>
  <datafield tag="106" ind1=" " ind2=" ">
    <subfield code="a">0</subfield>
    <subfield code="b">1</subfield>
    <subfield code="c">0</subfield>
  </datafield>
  <datafield tag="152" ind1=" " ind2=" ">
    <subfield code="a">AFNOR</subfield>
  </datafield>
  <datafield tag="230" ind1=" " ind2=" ">
    <subfield code="7">ba0yba0y</subfield>
    <subfield code="9">1</subfield>
    <subfield code="a">Il Mattino (périodique ; Italie ; 1891-)</subfield>
  </datafield>
  <datafield tag="300" ind1="0" ind2=" ">
    <subfield code="7">ba0yba0y</subfield>
    <subfield code="a">Périodique italien, fondé à Naples en 1891, par Matilde Serao et Edoardo Scarfoglio</subfield>
  </datafield>
  <datafield tag="500" ind1=" " ind2=" ">
    <subfield code="3">034197427</subfield>
    <subfield code="7">ba0yba0y</subfield>
    <subfield code="a">Scarfoglio</subfield>
    <subfield code="b">Edoardo</subfield>
    <subfield code="f">1860-1917</subfield>
  </datafield>
  <datafield tag="500" ind1=" " ind2=" ">
    <subfield code="3">029462487</subfield>
    <subfield code="7">ba0yba0y</subfield>
    <subfield code="a">Serao</subfield>
    <subfield code="b">Matilde</subfield>
    <subfield code="f">1856-1927</subfield>
  </datafield>
  <datafield tag="801" ind1=" " ind2="3">
    <subfield code="a">FR</subfield>
    <subfield code="b">Abes</subfield>
    <subfield code="c">20091001</subfield>
    <subfield code="g">AFNOR</subfield>
  </datafield>
  <datafield tag="810" ind1=" " ind2=" ">
    <subfield code="a">Diz. autori italiani</subfield>
  </datafield>
  <datafield tag="810" ind1=" " ind2=" ">
    <subfield code="a">GLU, art. Scarfoglio (1892-)</subfield>
  </datafield>
  <datafield tag="930" ind1=" " ind2=" ">
    <subfield code="a">Il Mattino (périodique ; Italie ; 1891-)</subfield>
  </datafield>
</record>