


<record>
  <leader>     cx  h22     3  45  </leader>
  <controlfield tag="001">030911516</controlfield>
  <controlfield tag="003">http://www.idref.fr/030911516</controlfield>
  <controlfield tag="004">19911025</controlfield>
  <controlfield tag="005">20160115050003.000</controlfield>
  <controlfield tag="006">0004</controlfield>
  <controlfield tag="007">4994</controlfield>
  <controlfield tag="008">Tq5</controlfield>
  <datafield tag="033" ind1=" " ind2=" ">
    <subfield code="a">http://catalogue.bnf.fr/ark:/12148/cb12223257f</subfield>
    <subfield code="2">BNF</subfield>
    <subfield code="d">20160114</subfield>
  </datafield>
  <datafield tag="035" ind1=" " ind2=" ">
    <subfield code="a">frBN007816337</subfield>
  </datafield>
  <datafield tag="035" ind1=" " ind2=" ">
    <subfield code="a">FRBNF122232575</subfield>
    <subfield code="z">FRBNF12223257</subfield>
  </datafield>
  <datafield tag="100" ind1=" " ind2=" ">
    <subfield code="a">19911025afrey50      ba0</subfield>
  </datafield>
  <datafield tag="101" ind1=" " ind2=" ">
    <subfield code="a">ita</subfield>
  </datafield>
  <datafield tag="102" ind1=" " ind2=" ">
    <subfield code="a">XX</subfield>
  </datafield>
  <datafield tag="103" ind1=" " ind2=" ">
    <subfield code="a"> 1921     </subfield>
    <subfield code="b"> 1926     </subfield>
  </datafield>
  <datafield tag="106" ind1=" " ind2=" ">
    <subfield code="a">2</subfield>
    <subfield code="b">1</subfield>
    <subfield code="c">0</subfield>
  </datafield>
  <datafield tag="128" ind1=" " ind2=" ">
    <subfield code="a">op</subfield>
    <subfield code="b">cu</subfield>
    <subfield code="b">oa</subfield>
    <subfield code="c">va04</subfield>
    <subfield code="c">vd05</subfield>
    <subfield code="c">ve02</subfield>
    <subfield code="c">vf01</subfield>
  </datafield>
  <datafield tag="152" ind1=" " ind2=" ">
    <subfield code="a">AFNOR</subfield>
  </datafield>
  <datafield tag="240" ind1=" " ind2=" ">
    <subfield code="7">ba0yba0y</subfield>
    <subfield code="8">fre</subfield>
    <subfield code="9">0</subfield>
    <subfield code="a">Puccini, Giacomo (1858-1924)</subfield>
    <subfield code="t">Turandot</subfield>
  </datafield>
  <datafield tag="300" ind1=" " ind2=" ">
    <subfield code="7">ba0yba0y</subfield>
    <subfield code="a">Drame lyrique en 3 actes et 5 tableaux. Livret de Giuseppe Adami et Renato Simoni, d&apos;après la pièce de Carlo Gozzi (1762). Œuvre laissée inachevée par Puccini, terminée par Franco Alfano. Dates de composition (Puccini) : 1921-novembre 1924. Dates de composition (Alfano) : 1925-1926. 1re représentation : Milan, Teatro alla Scala, 25 avril 1926 (26 avril pour l&apos;ouvrage complet), sous la direction d&apos;Arturo Toscanini. 1re éd. : Milan : Ricordi, 1926</subfield>
  </datafield>
  <datafield tag="300" ind1=" " ind2=" ">
    <subfield code="7">ba0yba0y</subfield>
    <subfield code="a">Liù, Turandot, 2 voix (sopranos). Altoum, Calaf, Pang, Pong, le prince de Perse  (ténors). un mandarin, Ping (barytons). Timur (basse)</subfield>
  </datafield>
  <datafield tag="540" ind1=" " ind2=" ">
    <subfield code="3">084270926</subfield>
    <subfield code="5">z|xxx</subfield>
    <subfield code="7">ba0yba0y</subfield>
    <subfield code="a">Adami, Giuseppe (1878-1946)</subfield>
    <subfield code="t">Turandot</subfield>
  </datafield>
  <datafield tag="540" ind1=" " ind2=" ">
    <subfield code="3">084270934</subfield>
    <subfield code="5">z|xxx</subfield>
    <subfield code="7">ba0yba0y</subfield>
    <subfield code="a">Simoni, Renato (1875-1952)</subfield>
    <subfield code="t">Turandot</subfield>
  </datafield>
  <datafield tag="686" ind1=" " ind2=" ">
    <subfield code="a">780</subfield>
    <subfield code="c">Musique</subfield>
    <subfield code="2">Note de regroupement par domaine</subfield>
  </datafield>
  <datafield tag="801" ind1=" " ind2="0">
    <subfield code="a">FR</subfield>
    <subfield code="b">BnF</subfield>
    <subfield code="c">20040615</subfield>
  </datafield>
  <datafield tag="801" ind1=" " ind2="3">
    <subfield code="a">FR</subfield>
    <subfield code="b">Abes</subfield>
    <subfield code="c">20160115</subfield>
    <subfield code="g">AFNOR</subfield>
  </datafield>
  <datafield tag="810" ind1=" " ind2=" ">
    <subfield code="a">Dictionnaire des œuvres de l&apos;art vocal</subfield>
  </datafield>
  <datafield tag="940" ind1=" " ind2=" ">
    <subfield code="a">Puccini, Giacomo (1858-1924). Turandot</subfield>
  </datafield>
</record>