


<record>
  <leader>     cx  h22     3  45  </leader>
  <controlfield tag="001">031145701</controlfield>
  <controlfield tag="003">http://www.idref.fr/031145701</controlfield>
  <controlfield tag="004">19920323</controlfield>
  <controlfield tag="005">20160115050003.000</controlfield>
  <controlfield tag="006">0004</controlfield>
  <controlfield tag="007">4994</controlfield>
  <controlfield tag="008">Tq5</controlfield>
  <datafield tag="033" ind1=" " ind2=" ">
    <subfield code="a">http://catalogue.bnf.fr/ark:/12148/cb12241834c</subfield>
    <subfield code="2">BNF</subfield>
    <subfield code="d">20160114</subfield>
  </datafield>
  <datafield tag="035" ind1=" " ind2=" ">
    <subfield code="a">frBN008075318</subfield>
  </datafield>
  <datafield tag="035" ind1=" " ind2=" ">
    <subfield code="a">FRBNF122418341</subfield>
    <subfield code="z">FRBNF12241834</subfield>
  </datafield>
  <datafield tag="100" ind1=" " ind2=" ">
    <subfield code="a">19920323afrey50      ba0</subfield>
  </datafield>
  <datafield tag="101" ind1=" " ind2=" ">
    <subfield code="a">fre</subfield>
  </datafield>
  <datafield tag="102" ind1=" " ind2=" ">
    <subfield code="a">XX</subfield>
  </datafield>
  <datafield tag="103" ind1=" " ind2=" ">
    <subfield code="a"> 1873     </subfield>
    <subfield code="b"> 1874     </subfield>
  </datafield>
  <datafield tag="106" ind1=" " ind2=" ">
    <subfield code="a">2</subfield>
    <subfield code="b">1</subfield>
    <subfield code="c">0</subfield>
  </datafield>
  <datafield tag="128" ind1=" " ind2=" ">
    <subfield code="a">oc</subfield>
    <subfield code="b">cd</subfield>
    <subfield code="b">ca</subfield>
    <subfield code="b">oa</subfield>
    <subfield code="c">va02</subfield>
    <subfield code="c">vb02</subfield>
    <subfield code="c">vd01</subfield>
    <subfield code="c">ve02</subfield>
    <subfield code="c">vf01</subfield>
  </datafield>
  <datafield tag="152" ind1=" " ind2=" ">
    <subfield code="a">AFNOR</subfield>
  </datafield>
  <datafield tag="240" ind1=" " ind2=" ">
    <subfield code="7">ba0yba0y</subfield>
    <subfield code="8">fre</subfield>
    <subfield code="9">#</subfield>
    <subfield code="a">Bizet, Georges (1838-1875)</subfield>
    <subfield code="t">Carmen</subfield>
  </datafield>
  <datafield tag="300" ind1=" " ind2=" ">
    <subfield code="7">ba0yba0y</subfield>
    <subfield code="a">Opéra-comique en 4 actes. Livret de Ludovic Halévy et Henri Meilhac, d&apos;après la nouvelle de Prosper Mérimée. Dédicace à Jules Pasdeloup. Dates de composition : printemps 1873-septembre 1874. Ernest Guiraud compose les récitatifs qui remplacent le dialogue parlé pour la 1re représentation à Vienne, le 23 octobre 1875. 1re représentation : Paris, Opéra-Comique, 3 mars 1875, sous la direction d&apos;Adolphe Deloffre</subfield>
  </datafield>
  <datafield tag="300" ind1=" " ind2=" ">
    <subfield code="7">ba0yba0y</subfield>
    <subfield code="a">Frasquita, Micae͏̈la (sopranos). Carmen, Mercedes (mezzos). Don José (ténor). Escamillo, Moralès (barytons). Zuniga (basse)</subfield>
  </datafield>
  <datafield tag="540" ind1=" " ind2=" ">
    <subfield code="3">084270942</subfield>
    <subfield code="5">z|xxx</subfield>
    <subfield code="7">ba0yba0y</subfield>
    <subfield code="a">Meilhac, Henri (1831-1897)</subfield>
    <subfield code="t">Carmen</subfield>
  </datafield>
  <datafield tag="540" ind1=" " ind2=" ">
    <subfield code="3">084270950</subfield>
    <subfield code="5">z|xxx</subfield>
    <subfield code="7">ba0yba0y</subfield>
    <subfield code="a">Halévy, Ludovic (1834-1908)</subfield>
    <subfield code="t">Carmen</subfield>
  </datafield>
  <datafield tag="686" ind1=" " ind2=" ">
    <subfield code="a">780</subfield>
    <subfield code="c">Musique</subfield>
    <subfield code="2">Note de regroupement par domaine</subfield>
  </datafield>
  <datafield tag="801" ind1=" " ind2="0">
    <subfield code="a">FR</subfield>
    <subfield code="b">BnF</subfield>
    <subfield code="c">20040510</subfield>
  </datafield>
  <datafield tag="801" ind1=" " ind2="3">
    <subfield code="a">FR</subfield>
    <subfield code="b">Abes</subfield>
    <subfield code="c">20160115</subfield>
    <subfield code="g">AFNOR</subfield>
  </datafield>
  <datafield tag="810" ind1=" " ind2=" ">
    <subfield code="a">Dictionnaire des œuvres de l&apos;art vocal</subfield>
  </datafield>
  <datafield tag="940" ind1=" " ind2=" ">
    <subfield code="a">Bizet, Georges (1838-1875). Carmen</subfield>
  </datafield>
</record>