


<record>
  <leader>     cx  h22     3  45  </leader>
  <controlfield tag="001">031451241</controlfield>
  <controlfield tag="003">http://www.idref.fr/031451241</controlfield>
  <controlfield tag="004">19921010</controlfield>
  <controlfield tag="005">20150930063304.000</controlfield>
  <controlfield tag="006">0004</controlfield>
  <controlfield tag="007">4994</controlfield>
  <controlfield tag="008">Tq5</controlfield>
  <datafield tag="033" ind1=" " ind2=" ">
    <subfield code="a">http://catalogue.bnf.fr/ark:/12148/cb12266434w</subfield>
    <subfield code="2">BNF</subfield>
    <subfield code="d">20150918</subfield>
  </datafield>
  <datafield tag="035" ind1=" " ind2=" ">
    <subfield code="a">frBN008395058</subfield>
  </datafield>
  <datafield tag="035" ind1=" " ind2=" ">
    <subfield code="a">FRBNF12266434X</subfield>
    <subfield code="z">FRBNF12266434</subfield>
  </datafield>
  <datafield tag="100" ind1=" " ind2=" ">
    <subfield code="a">19921010afrey50      ba0</subfield>
  </datafield>
  <datafield tag="101" ind1=" " ind2=" ">
    <subfield code="a">ita</subfield>
  </datafield>
  <datafield tag="102" ind1=" " ind2=" ">
    <subfield code="a">IT</subfield>
  </datafield>
  <datafield tag="106" ind1=" " ind2=" ">
    <subfield code="a">2</subfield>
    <subfield code="b">1</subfield>
    <subfield code="c">0</subfield>
  </datafield>
  <datafield tag="152" ind1=" " ind2=" ">
    <subfield code="a">AFNOR</subfield>
  </datafield>
  <datafield tag="240" ind1=" " ind2=" ">
    <subfield code="7">ba0yba0y</subfield>
    <subfield code="a">Léonard de Vinci (1452-1519)</subfield>
    <subfield code="t">La Madonne aux fuseaux</subfield>
  </datafield>
  <datafield tag="300" ind1="1" ind2=" ">
    <subfield code="7">ba0yba0y</subfield>
    <subfield code="a">Collection du duc de Buccleuch (Drumlanrig Castle, Écosse)</subfield>
  </datafield>
  <datafield tag="440" ind1=" " ind2=" ">
    <subfield code="7">ba0yba0y</subfield>
    <subfield code="a">Léonard de Vinci (1452-1519)</subfield>
    <subfield code="t">La Madonne au dévidoir</subfield>
  </datafield>
  <datafield tag="440" ind1=" " ind2=" ">
    <subfield code="7">ba0yba0y</subfield>
    <subfield code="a">Léonard de Vinci (1452-1519)</subfield>
    <subfield code="t">The Madonna of the Yarnwinder</subfield>
  </datafield>
  <datafield tag="801" ind1=" " ind2="3">
    <subfield code="a">FR</subfield>
    <subfield code="b">Abes</subfield>
    <subfield code="c">20150930</subfield>
    <subfield code="g">AFNOR</subfield>
  </datafield>
  <datafield tag="810" ind1=" " ind2=" ">
    <subfield code="a">Tout l&apos;oeuvre peint, 1968. Leonardo da Vinci : the mystery of the Madonna of the Yarnwinder, 1992</subfield>
  </datafield>
  <datafield tag="940" ind1=" " ind2=" ">
    <subfield code="a">Léonard de Vinci (1452-1519). La Madonne aux fuseaux</subfield>
  </datafield>
  <datafield tag="941" ind1=" " ind2=" ">
    <subfield code="a">Léonard de Vinci (1452-1519). La Madonne au dévidoir</subfield>
  </datafield>
  <datafield tag="941" ind1=" " ind2=" ">
    <subfield code="a">Léonard de Vinci (1452-1519). The Madonna of the Yarnwinder</subfield>
  </datafield>
</record>