


<record>
  <leader>     cx  h22     3  45  </leader>
  <controlfield tag="001">033161771</controlfield>
  <controlfield tag="003">http://www.idref.fr/033161771</controlfield>
  <controlfield tag="004">19940629</controlfield>
  <controlfield tag="005">20160115050405.000</controlfield>
  <controlfield tag="006">0004</controlfield>
  <controlfield tag="007">4994</controlfield>
  <controlfield tag="008">Tq5</controlfield>
  <datafield tag="033" ind1=" " ind2=" ">
    <subfield code="a">http://catalogue.bnf.fr/ark:/12148/cb139167372</subfield>
    <subfield code="2">BNF</subfield>
    <subfield code="d">20160114</subfield>
  </datafield>
  <datafield tag="035" ind1=" " ind2=" ">
    <subfield code="a">frBN01036916X</subfield>
  </datafield>
  <datafield tag="035" ind1=" " ind2=" ">
    <subfield code="a">FRBNF124056503</subfield>
    <subfield code="z">FRBNF12405650</subfield>
  </datafield>
  <datafield tag="035" ind1=" " ind2=" ">
    <subfield code="a">FRBNF139167370</subfield>
    <subfield code="z">FRBNF13916737</subfield>
  </datafield>
  <datafield tag="100" ind1=" " ind2=" ">
    <subfield code="a">19940629afrey50      ba0</subfield>
  </datafield>
  <datafield tag="101" ind1=" " ind2=" ">
    <subfield code="a">fre</subfield>
  </datafield>
  <datafield tag="103" ind1=" " ind2=" ">
    <subfield code="a"> 1868     </subfield>
    <subfield code="b"> 1874     </subfield>
  </datafield>
  <datafield tag="106" ind1=" " ind2=" ">
    <subfield code="a">2</subfield>
    <subfield code="b">1</subfield>
    <subfield code="c">0</subfield>
  </datafield>
  <datafield tag="128" ind1=" " ind2=" ">
    <subfield code="a">op</subfield>
    <subfield code="b">va04</subfield>
    <subfield code="b">vb02</subfield>
    <subfield code="b">vd04</subfield>
    <subfield code="b">ve01</subfield>
    <subfield code="b">vu03</subfield>
    <subfield code="b">cu01</subfield>
    <subfield code="b">oa01</subfield>
  </datafield>
  <datafield tag="152" ind1=" " ind2=" ">
    <subfield code="a">AFNOR</subfield>
  </datafield>
  <datafield tag="240" ind1=" " ind2=" ">
    <subfield code="7">ba0yba0y</subfield>
    <subfield code="8">fre</subfield>
    <subfield code="9">#</subfield>
    <subfield code="a">Offenbach, Jacques (1819-1880)</subfield>
    <subfield code="t">La Périchole</subfield>
  </datafield>
  <datafield tag="300" ind1=" " ind2=" ">
    <subfield code="7">ba0yba0y</subfield>
    <subfield code="a">Opéra-bouffe en 3 actes créé à Paris, Théâtre des Variétés, le 6 octobre 1868, révisé en 3 actes dans une version créée le 25 avril 1874</subfield>
  </datafield>
  <datafield tag="300" ind1=" " ind2=" ">
    <subfield code="7">ba0yba0y</subfield>
    <subfield code="a">Guadalena, Beginella, Frasquinella, Manuelita (sopranos) ; la Périchole, Mastrilla (mezzos) ; Piquillo, Don Pedro de Hinoyosa, notaires 1 et 2 (ténors) ; comte de Panatellas (baryton) ; marquis de Tarapote, geôlier, vieux prisonnier (rôles parlé)</subfield>
  </datafield>
  <datafield tag="500" ind1=" " ind2="1">
    <subfield code="0">Livret de</subfield>
    <subfield code="3">031417604</subfield>
    <subfield code="5">z|xxx</subfield>
    <subfield code="7">ba0yba0y</subfield>
    <subfield code="a">Meilhac</subfield>
    <subfield code="b">Henri</subfield>
    <subfield code="f">1831-1897</subfield>
  </datafield>
  <datafield tag="500" ind1=" " ind2="1">
    <subfield code="0">Livret de</subfield>
    <subfield code="3">028871294</subfield>
    <subfield code="5">z|xxx</subfield>
    <subfield code="7">ba0yba0y</subfield>
    <subfield code="a">Halévy</subfield>
    <subfield code="b">Ludovic</subfield>
    <subfield code="f">1834-1908</subfield>
  </datafield>
  <datafield tag="686" ind1=" " ind2=" ">
    <subfield code="a">780</subfield>
    <subfield code="c">Musique</subfield>
    <subfield code="2">Note de regroupement par domaine</subfield>
  </datafield>
  <datafield tag="801" ind1=" " ind2="0">
    <subfield code="a">FR</subfield>
    <subfield code="b">BnF</subfield>
    <subfield code="c">20040715</subfield>
  </datafield>
  <datafield tag="801" ind1=" " ind2="3">
    <subfield code="a">FR</subfield>
    <subfield code="b">Abes</subfield>
    <subfield code="c">20160115</subfield>
    <subfield code="g">AFNOR</subfield>
  </datafield>
  <datafield tag="810" ind1=" " ind2=" ">
    <subfield code="a">Grove opera</subfield>
  </datafield>
  <datafield tag="940" ind1=" " ind2=" ">
    <subfield code="a">Offenbach, Jacques (1819-1880). La Périchole</subfield>
  </datafield>
</record>