


<record>
  <leader>     cx  h22     3  45  </leader>
  <controlfield tag="001">033314438</controlfield>
  <controlfield tag="003">http://www.idref.fr/033314438</controlfield>
  <controlfield tag="004">19940921</controlfield>
  <controlfield tag="005">20160115050004.000</controlfield>
  <controlfield tag="006">0004</controlfield>
  <controlfield tag="007">4994</controlfield>
  <controlfield tag="008">Tq5</controlfield>
  <datafield tag="033" ind1=" " ind2=" ">
    <subfield code="a">http://catalogue.bnf.fr/ark:/12148/cb124192827</subfield>
    <subfield code="2">BNF</subfield>
    <subfield code="d">20160114</subfield>
  </datafield>
  <datafield tag="035" ind1=" " ind2=" ">
    <subfield code="a">frBN010529183</subfield>
  </datafield>
  <datafield tag="035" ind1=" " ind2=" ">
    <subfield code="a">FRBNF124192827</subfield>
    <subfield code="z">FRBNF12419282</subfield>
  </datafield>
  <datafield tag="100" ind1=" " ind2=" ">
    <subfield code="a">19940921afrey50      ba0</subfield>
  </datafield>
  <datafield tag="101" ind1=" " ind2=" ">
    <subfield code="a">fre</subfield>
  </datafield>
  <datafield tag="103" ind1=" " ind2=" ">
    <subfield code="a"> 1865     </subfield>
    <subfield code="b"> 1912     </subfield>
  </datafield>
  <datafield tag="106" ind1=" " ind2=" ">
    <subfield code="a">2</subfield>
    <subfield code="b">1</subfield>
    <subfield code="c">0</subfield>
  </datafield>
  <datafield tag="128" ind1=" " ind2=" ">
    <subfield code="a">op</subfield>
  </datafield>
  <datafield tag="152" ind1=" " ind2=" ">
    <subfield code="a">AFNOR</subfield>
  </datafield>
  <datafield tag="240" ind1=" " ind2=" ">
    <subfield code="7">ba0yba0y</subfield>
    <subfield code="8">fre</subfield>
    <subfield code="9">0</subfield>
    <subfield code="a">Massenet, Jules (1842-1912)</subfield>
    <subfield code="t">Opéras</subfield>
  </datafield>
  <datafield tag="300" ind1=" " ind2=" ">
    <subfield code="7">ba0yba0y</subfield>
    <subfield code="a">Réunit : Esmeralda ; La coupe du roi de Thulé; La grand&apos;tante  ; Manfred ; Meduse ; Don César de Bazan ; L&apos;adorable bel&apos;-Boul ; Les templiers; Bérangère et Anatole ; Le roi de Lahore ; Robert de France ; Les Girondins ; Hérodiade ; Manon ; Le Cid ; Esclarmonde ; Le mage opéra ; Werther ; Thai͏̈s ; Le portrait de Manon ; la Navarraise ; Amadis ; Sapho ; Cendrillon ; Grisélidis ; Le jongleur de Notre-Dame ; Chérubin ; Ariane ; Thérèse ; Bacchus ; Don Quichotte ; Roma ; Panurge ; Cléopâtre ; L&apos;écureuil du deshonneur ; Montalte</subfield>
  </datafield>
  <datafield tag="440" ind1=" " ind2=" ">
    <subfield code="7">ba0yba0y</subfield>
    <subfield code="8">fre</subfield>
    <subfield code="9">#</subfield>
    <subfield code="a">Massenet, Jules (1842-1912)</subfield>
    <subfield code="t">Intégrale des opéras</subfield>
  </datafield>
  <datafield tag="686" ind1=" " ind2=" ">
    <subfield code="a">780</subfield>
    <subfield code="c">Musique</subfield>
    <subfield code="2">Note de regroupement par domaine</subfield>
  </datafield>
  <datafield tag="801" ind1=" " ind2="0">
    <subfield code="a">FR</subfield>
    <subfield code="b">BnF</subfield>
    <subfield code="c">20040220</subfield>
  </datafield>
  <datafield tag="801" ind1=" " ind2="3">
    <subfield code="a">FR</subfield>
    <subfield code="b">Abes</subfield>
    <subfield code="c">20160115</subfield>
    <subfield code="g">AFNOR</subfield>
  </datafield>
  <datafield tag="810" ind1=" " ind2=" ">
    <subfield code="a">Grove opera</subfield>
  </datafield>
  <datafield tag="940" ind1=" " ind2=" ">
    <subfield code="a">Massenet, Jules (1842-1912). Opéras</subfield>
  </datafield>
  <datafield tag="941" ind1=" " ind2=" ">
    <subfield code="a">Massenet, Jules (1842-1912). Intégrale des opéras</subfield>
  </datafield>
</record>