


<record>
  <leader>     cx  f22     3  45  </leader>
  <controlfield tag="001">035520574</controlfield>
  <controlfield tag="003">http://www.idref.fr/035520574</controlfield>
  <controlfield tag="004">19980608</controlfield>
  <controlfield tag="005">20091006030748.000</controlfield>
  <controlfield tag="006">0004</controlfield>
  <controlfield tag="007">1999</controlfield>
  <controlfield tag="008">Tu5</controlfield>
  <datafield tag="035" ind1=" " ind2=" ">
    <subfield code="a">frBN013883422</subfield>
  </datafield>
  <datafield tag="035" ind1=" " ind2=" ">
    <subfield code="a">FRBNF131941903</subfield>
    <subfield code="z">FRBNF13194190</subfield>
  </datafield>
  <datafield tag="100" ind1=" " ind2=" ">
    <subfield code="a">19980608afrey50      ba0</subfield>
  </datafield>
  <datafield tag="101" ind1=" " ind2=" ">
    <subfield code="a">fre</subfield>
  </datafield>
  <datafield tag="102" ind1=" " ind2=" ">
    <subfield code="a">FR</subfield>
  </datafield>
  <datafield tag="103" ind1=" " ind2=" ">
    <subfield code="a"> 189410   </subfield>
    <subfield code="b"> 189607   </subfield>
  </datafield>
  <datafield tag="106" ind1=" " ind2=" ">
    <subfield code="a">0</subfield>
    <subfield code="b">1</subfield>
    <subfield code="c">0</subfield>
  </datafield>
  <datafield tag="152" ind1=" " ind2=" ">
    <subfield code="a">AFNOR</subfield>
  </datafield>
  <datafield tag="230" ind1=" " ind2=" ">
    <subfield code="7">ba0yba0y</subfield>
    <subfield code="9">1</subfield>
    <subfield code="a">L&apos; Ymagier (périodique)</subfield>
  </datafield>
  <datafield tag="300" ind1="0" ind2=" ">
    <subfield code="7">ba0yba0y</subfield>
    <subfield code="a">Périodique français, revue créée à Paris en octobre 1894, par Alfred Jarry et Rémy de Gourmont</subfield>
  </datafield>
  <datafield tag="500" ind1=" " ind2=" ">
    <subfield code="3">027456153</subfield>
    <subfield code="7">ba0yba0y</subfield>
    <subfield code="a">Gourmont</subfield>
    <subfield code="b">Remy de</subfield>
    <subfield code="f">1858-1915</subfield>
  </datafield>
  <datafield tag="500" ind1=" " ind2=" ">
    <subfield code="3">02693583X</subfield>
    <subfield code="7">ba0yba0y</subfield>
    <subfield code="a">Jarry</subfield>
    <subfield code="b">Alfred</subfield>
    <subfield code="f">1873-1907</subfield>
  </datafield>
  <datafield tag="676" ind1=" " ind2=" ">
    <subfield code="a">070</subfield>
  </datafield>
  <datafield tag="801" ind1=" " ind2="3">
    <subfield code="a">FR</subfield>
    <subfield code="b">Abes</subfield>
    <subfield code="c">20091006</subfield>
    <subfield code="g">AFNOR</subfield>
  </datafield>
  <datafield tag="810" ind1=" " ind2=" ">
    <subfield code="a">Périod. Cat. gén.</subfield>
  </datafield>
  <datafield tag="810" ind1=" " ind2=" ">
    <subfield code="a">Myriade, 1998-01</subfield>
  </datafield>
  <datafield tag="810" ind1=" " ind2=" ">
    <subfield code="a">Beaumarchais</subfield>
  </datafield>
  <datafield tag="930" ind1=" " ind2=" ">
    <subfield code="a">L&apos; Ymagier (périodique)</subfield>
  </datafield>
</record>