


<record>
  <leader>     cx  f22     3  45  </leader>
  <controlfield tag="001">035587660</controlfield>
  <controlfield tag="003">http://www.idref.fr/035587660</controlfield>
  <controlfield tag="004">19980724</controlfield>
  <controlfield tag="005">20151002053034.000</controlfield>
  <controlfield tag="006">0004</controlfield>
  <controlfield tag="007">4994</controlfield>
  <controlfield tag="008">Tu5</controlfield>
  <datafield tag="033" ind1=" " ind2=" ">
    <subfield code="a">http://catalogue.bnf.fr/ark:/12148/cb13323095r</subfield>
    <subfield code="2">BNF</subfield>
    <subfield code="d">20150918</subfield>
  </datafield>
  <datafield tag="035" ind1=" " ind2=" ">
    <subfield code="a">050432370</subfield>
    <subfield code="9">sudoc</subfield>
  </datafield>
  <datafield tag="035" ind1=" " ind2=" ">
    <subfield code="a">FRBNF135132653</subfield>
    <subfield code="z">FRBNF13513265</subfield>
  </datafield>
  <datafield tag="035" ind1=" " ind2=" ">
    <subfield code="a">frBN013957029</subfield>
  </datafield>
  <datafield tag="035" ind1=" " ind2=" ">
    <subfield code="a">frBN014564840</subfield>
  </datafield>
  <datafield tag="035" ind1=" " ind2=" ">
    <subfield code="a">FRBNF13323095X</subfield>
    <subfield code="z">FRBNF13323095</subfield>
  </datafield>
  <datafield tag="100" ind1=" " ind2=" ">
    <subfield code="a">19980724afrey50      ba0</subfield>
  </datafield>
  <datafield tag="101" ind1=" " ind2=" ">
    <subfield code="a">chi</subfield>
  </datafield>
  <datafield tag="102" ind1=" " ind2=" ">
    <subfield code="a">CN</subfield>
  </datafield>
  <datafield tag="106" ind1=" " ind2=" ">
    <subfield code="a">0</subfield>
    <subfield code="b">1</subfield>
    <subfield code="c">0</subfield>
  </datafield>
  <datafield tag="152" ind1=" " ind2=" ">
    <subfield code="a">AFNOR</subfield>
  </datafield>
  <datafield tag="230" ind1=" " ind2=" ">
    <subfield code="6">a01</subfield>
    <subfield code="7">ba0yea0y</subfield>
    <subfield code="8">frechi</subfield>
    <subfield code="9">0</subfield>
    <subfield code="a">四書</subfield>
  </datafield>
  <datafield tag="230" ind1=" " ind2=" ">
    <subfield code="6">a01</subfield>
    <subfield code="7">ba0yba0a</subfield>
    <subfield code="8">frechi</subfield>
    <subfield code="9">0</subfield>
    <subfield code="a">Si shu</subfield>
  </datafield>
  <datafield tag="300" ind1="0" ind2=" ">
    <subfield code="7">ba0yba0y</subfield>
    <subfield code="a">Corpus de classiques du néo-confucianisme, constitué au XIIe s. Comprend &quot;Daxue&quot;, &quot;Zhongyong&quot;, &quot;Lunyu&quot; et &quot;Mengzi&quot;</subfield>
  </datafield>
  <datafield tag="300" ind1="0" ind2=" ">
    <subfield code="7">ba0yba0y</subfield>
    <subfield code="a">Compilé par Zhu Xi</subfield>
  </datafield>
  <datafield tag="430" ind1=" " ind2=" ">
    <subfield code="7">ba0yba0b</subfield>
    <subfield code="8">frechi</subfield>
    <subfield code="9">#</subfield>
    <subfield code="a">Se chou</subfield>
  </datafield>
  <datafield tag="430" ind1=" " ind2=" ">
    <subfield code="7">ba0yba0b</subfield>
    <subfield code="8">frechi</subfield>
    <subfield code="9">#</subfield>
    <subfield code="a">Seu-chou</subfield>
  </datafield>
  <datafield tag="430" ind1=" " ind2=" ">
    <subfield code="7">ba0yba0a</subfield>
    <subfield code="8">frechi</subfield>
    <subfield code="9">#</subfield>
    <subfield code="a">Sishu</subfield>
  </datafield>
  <datafield tag="430" ind1=" " ind2=" ">
    <subfield code="7">ba0yba0b</subfield>
    <subfield code="8">frechi</subfield>
    <subfield code="9">#</subfield>
    <subfield code="a">Sse chou</subfield>
  </datafield>
  <datafield tag="430" ind1=" " ind2=" ">
    <subfield code="7">ba0yba0b</subfield>
    <subfield code="8">frechi</subfield>
    <subfield code="9">#</subfield>
    <subfield code="a">Ssu shu</subfield>
  </datafield>
  <datafield tag="430" ind1=" " ind2=" ">
    <subfield code="7">ba0yba0b</subfield>
    <subfield code="8">frechi</subfield>
    <subfield code="9">#</subfield>
    <subfield code="a">Szu shu</subfield>
  </datafield>
  <datafield tag="430" ind1=" " ind2=" ">
    <subfield code="7">ba0yba0y</subfield>
    <subfield code="8">freeng</subfield>
    <subfield code="9">#</subfield>
    <subfield code="a">Books of the four masters</subfield>
  </datafield>
  <datafield tag="430" ind1=" " ind2=" ">
    <subfield code="7">ba0yba0y</subfield>
    <subfield code="8">freeng</subfield>
    <subfield code="9">#</subfield>
    <subfield code="a">Four books</subfield>
  </datafield>
  <datafield tag="430" ind1=" " ind2=" ">
    <subfield code="7">ba0yba0y</subfield>
    <subfield code="8">frefre</subfield>
    <subfield code="9">#</subfield>
    <subfield code="a">Les quatre livres</subfield>
  </datafield>
  <datafield tag="430" ind1=" " ind2=" ">
    <subfield code="7">ba0yba0y</subfield>
    <subfield code="8">frefre</subfield>
    <subfield code="9">#</subfield>
    <subfield code="a">Les quatre livres de philosophie morale et politique de la Chine</subfield>
  </datafield>
  <datafield tag="430" ind1=" " ind2=" ">
    <subfield code="7">ba0yba0y</subfield>
    <subfield code="8">frefre</subfield>
    <subfield code="9">#</subfield>
    <subfield code="a">Les quatre piliers de la sagesse</subfield>
  </datafield>
  <datafield tag="430" ind1=" " ind2=" ">
    <subfield code="7">ba0yba0b</subfield>
    <subfield code="8">frejpn</subfield>
    <subfield code="9">#</subfield>
    <subfield code="a">Shi Sho</subfield>
  </datafield>
  <datafield tag="430" ind1=" " ind2=" ">
    <subfield code="7">ba0yba0b</subfield>
    <subfield code="8">frekor</subfield>
    <subfield code="9">#</subfield>
    <subfield code="a">Sa-seo</subfield>
  </datafield>
  <datafield tag="430" ind1=" " ind2=" ">
    <subfield code="7">ba0yba0b</subfield>
    <subfield code="8">frekor</subfield>
    <subfield code="9">#</subfield>
    <subfield code="a">Sa sō</subfield>
  </datafield>
  <datafield tag="430" ind1=" " ind2=" ">
    <subfield code="7">ba0yba0y</subfield>
    <subfield code="8">frevie</subfield>
    <subfield code="9">#</subfield>
    <subfield code="a">Tu ́Thu</subfield>
  </datafield>
  <datafield tag="430" ind1=" " ind2=" ">
    <subfield code="7">ba0yba0y</subfield>
    <subfield code="8">frechi</subfield>
    <subfield code="9">0</subfield>
    <subfield code="a">四书</subfield>
  </datafield>
  <datafield tag="500" ind1=" " ind2="1">
    <subfield code="0">Compilé par</subfield>
    <subfield code="3">027203786</subfield>
    <subfield code="7">ba0yba0y</subfield>
    <subfield code="a">Zhu</subfield>
    <subfield code="b">Xi</subfield>
    <subfield code="f">1130-1200</subfield>
  </datafield>
  <datafield tag="530" ind1=" " ind2=" ">
    <subfield code="3">028209036</subfield>
    <subfield code="5">h|xxx</subfield>
    <subfield code="7">ba0yba0y</subfield>
    <subfield code="a">Daxue</subfield>
  </datafield>
  <datafield tag="530" ind1=" " ind2=" ">
    <subfield code="3">032838611</subfield>
    <subfield code="5">h|xxx</subfield>
    <subfield code="7">ba0yba0y</subfield>
    <subfield code="a">Lunyu</subfield>
  </datafield>
  <datafield tag="530" ind1=" " ind2=" ">
    <subfield code="3">032030932</subfield>
    <subfield code="5">h|xxx</subfield>
    <subfield code="7">ba0yba0y</subfield>
    <subfield code="a">Zhongyong</subfield>
  </datafield>
  <datafield tag="530" ind1=" " ind2=" ">
    <subfield code="3">035667419</subfield>
    <subfield code="5">h|xxx</subfield>
    <subfield code="7">ba0yba0y</subfield>
    <subfield code="a">Mengzi</subfield>
  </datafield>
  <datafield tag="530" ind1=" " ind2=" ">
    <subfield code="3">050124285</subfield>
    <subfield code="5">g|xxx</subfield>
    <subfield code="7">ba0yba0y</subfield>
    <subfield code="a">Shisan jing</subfield>
  </datafield>
  <datafield tag="550" ind1=" " ind2=" ">
    <subfield code="3">034563490</subfield>
    <subfield code="5">z|xxx</subfield>
    <subfield code="7">ba0yba0y</subfield>
    <subfield code="a">Littérature chinoise</subfield>
    <subfield code="z">907-1279 (Cinq Dynasties et Dynastie des Song)</subfield>
  </datafield>
  <datafield tag="801" ind1=" " ind2="3">
    <subfield code="a">FR</subfield>
    <subfield code="b">Abes</subfield>
    <subfield code="c">20151002</subfield>
    <subfield code="g">AFNOR</subfield>
    <subfield code="h">050432370</subfield>
  </datafield>
  <datafield tag="810" ind1=" " ind2=" ">
    <subfield code="a">Encycl. of Asian civilizations / Louis Frédéric, 1977</subfield>
    <subfield code="b">forme retenue</subfield>
  </datafield>
  <datafield tag="810" ind1=" " ind2=" ">
    <subfield code="a">Encycl. universalis, 1985 (art. : Confucius et confucianisme)</subfield>
  </datafield>
  <datafield tag="810" ind1=" " ind2=" ">
    <subfield code="a">DLL</subfield>
    <subfield code="b">Quatre livres</subfield>
  </datafield>
  <datafield tag="810" ind1=" " ind2=" ">
    <subfield code="a">Encycl. philosophique universelle. 3, Les oeuvres philosophiques. T. 2 (art. : Zhu Xi)</subfield>
  </datafield>
  <datafield tag="810" ind1=" " ind2=" ">
    <subfield code="a">Confucian way : a new and systematic study of the &quot;Four books&quot; / by Li Fu-Chen, 1986</subfield>
  </datafield>
  <datafield tag="810" ind1=" " ind2=" ">
    <subfield code="a">BN Cat. gén. (sous la vedette Meng tseu)</subfield>
    <subfield code="b">pas de titre de regroupement</subfield>
  </datafield>
  <datafield tag="930" ind1=" " ind2=" ">
    <subfield code="6">01</subfield>
    <subfield code="7">ea</subfield>
    <subfield code="a">四書</subfield>
  </datafield>
  <datafield tag="930" ind1=" " ind2=" ">
    <subfield code="6">01</subfield>
    <subfield code="7">ba</subfield>
    <subfield code="a">Si shu</subfield>
  </datafield>
  <datafield tag="931" ind1=" " ind2=" ">
    <subfield code="a">Se chou</subfield>
  </datafield>
  <datafield tag="931" ind1=" " ind2=" ">
    <subfield code="a">Seu-chou</subfield>
  </datafield>
  <datafield tag="931" ind1=" " ind2=" ">
    <subfield code="a">Sishu</subfield>
  </datafield>
  <datafield tag="931" ind1=" " ind2=" ">
    <subfield code="a">Sse chou</subfield>
  </datafield>
  <datafield tag="931" ind1=" " ind2=" ">
    <subfield code="a">Ssu shu</subfield>
  </datafield>
  <datafield tag="931" ind1=" " ind2=" ">
    <subfield code="a">Szu shu</subfield>
  </datafield>
  <datafield tag="931" ind1=" " ind2=" ">
    <subfield code="a">Books of the four masters</subfield>
  </datafield>
  <datafield tag="931" ind1=" " ind2=" ">
    <subfield code="a">Four books</subfield>
  </datafield>
  <datafield tag="931" ind1=" " ind2=" ">
    <subfield code="a">Les quatre livres</subfield>
  </datafield>
  <datafield tag="931" ind1=" " ind2=" ">
    <subfield code="a">Les quatre livres de philosophie morale et politique de la Chine</subfield>
  </datafield>
  <datafield tag="931" ind1=" " ind2=" ">
    <subfield code="a">Les quatre piliers de la sagesse</subfield>
  </datafield>
  <datafield tag="931" ind1=" " ind2=" ">
    <subfield code="a">Shi Sho</subfield>
  </datafield>
  <datafield tag="931" ind1=" " ind2=" ">
    <subfield code="a">Sa-seo</subfield>
  </datafield>
  <datafield tag="931" ind1=" " ind2=" ">
    <subfield code="a">Sa sō</subfield>
  </datafield>
  <datafield tag="931" ind1=" " ind2=" ">
    <subfield code="a">Tu ́Thu</subfield>
  </datafield>
  <datafield tag="931" ind1=" " ind2=" ">
    <subfield code="a">四书</subfield>
  </datafield>
</record>