


<record>
  <leader>     cx  h22     3  45  </leader>
  <controlfield tag="001">052564657</controlfield>
  <controlfield tag="003">http://www.idref.fr/052564657</controlfield>
  <controlfield tag="004">20000726</controlfield>
  <controlfield tag="005">20151003041725.000</controlfield>
  <controlfield tag="006">0004</controlfield>
  <controlfield tag="007">4994</controlfield>
  <controlfield tag="008">Tq5</controlfield>
  <datafield tag="033" ind1=" " ind2=" ">
    <subfield code="a">http://catalogue.bnf.fr/ark:/12148/cb13564438f</subfield>
    <subfield code="2">BNF</subfield>
    <subfield code="d">20150918</subfield>
  </datafield>
  <datafield tag="035" ind1=" " ind2=" ">
    <subfield code="a">frBN015041138</subfield>
  </datafield>
  <datafield tag="035" ind1=" " ind2=" ">
    <subfield code="a">FRBNF13564438X</subfield>
    <subfield code="z">FRBNF13564438</subfield>
  </datafield>
  <datafield tag="100" ind1=" " ind2=" ">
    <subfield code="a">20000726afrey50      ba0</subfield>
  </datafield>
  <datafield tag="101" ind1=" " ind2=" ">
    <subfield code="a">fre</subfield>
  </datafield>
  <datafield tag="102" ind1=" " ind2=" ">
    <subfield code="a">FR</subfield>
  </datafield>
  <datafield tag="106" ind1=" " ind2=" ">
    <subfield code="a">2</subfield>
    <subfield code="b">1</subfield>
    <subfield code="c">0</subfield>
  </datafield>
  <datafield tag="152" ind1=" " ind2=" ">
    <subfield code="a">AFNOR</subfield>
  </datafield>
  <datafield tag="240" ind1=" " ind2=" ">
    <subfield code="7">ba0yba0y</subfield>
    <subfield code="a">Gauguin, Paul (1848-1903)</subfield>
    <subfield code="t">Le Christ jaune</subfield>
  </datafield>
  <datafield tag="300" ind1="1" ind2=" ">
    <subfield code="7">ba0yba0y</subfield>
    <subfield code="a">Huile sur toile peinte en 1889 : hauteur 92 cm, longueur 73 cm, conservée depuis 1946 par la Albright-Knox art gallery, Buffalo, États-Unis. Ce tableau est inspiré par le Christ en bois polychrome de Trémalo, à Nizon (Finistère) datant du XVIIIe siècle. Attention à ne pas confondre le Christ jaune avec l&apos;autoportrait au Christ jaune, peint en 1890-1891, inspiré par la même statue, mais de dimensions plus réduites : hauteur 38 cm, longueur 46 cm, et conservé à Paris, Musée d&apos;Orsay</subfield>
  </datafield>
  <datafield tag="801" ind1=" " ind2="3">
    <subfield code="a">FR</subfield>
    <subfield code="b">Abes</subfield>
    <subfield code="c">20151003</subfield>
    <subfield code="g">AFNOR</subfield>
  </datafield>
  <datafield tag="810" ind1=" " ind2=" ">
    <subfield code="a">Gauguin et le Christ jaune / [exposition], Catherine Puget, 2000</subfield>
  </datafield>
  <datafield tag="940" ind1=" " ind2=" ">
    <subfield code="a">Gauguin, Paul (1848-1903). Le Christ jaune</subfield>
  </datafield>
</record>