


<record>
  <leader>     cx  f22     3  45  </leader>
  <controlfield tag="001">05260571X</controlfield>
  <controlfield tag="003">http://www.idref.fr/05260571X</controlfield>
  <controlfield tag="004">20000816</controlfield>
  <controlfield tag="005">20091006035837.000</controlfield>
  <controlfield tag="006">0004</controlfield>
  <controlfield tag="007">1999</controlfield>
  <controlfield tag="008">Tu5</controlfield>
  <datafield tag="035" ind1=" " ind2=" ">
    <subfield code="a">frBN01509266X</subfield>
  </datafield>
  <datafield tag="035" ind1=" " ind2=" ">
    <subfield code="a">FRBNF135681367</subfield>
    <subfield code="z">FRBNF13568136</subfield>
  </datafield>
  <datafield tag="100" ind1=" " ind2=" ">
    <subfield code="a">20000816afrey50      ba0</subfield>
  </datafield>
  <datafield tag="101" ind1=" " ind2=" ">
    <subfield code="a">ger</subfield>
  </datafield>
  <datafield tag="102" ind1=" " ind2=" ">
    <subfield code="a">DE</subfield>
  </datafield>
  <datafield tag="103" ind1=" " ind2=" ">
    <subfield code="a"> 1725     </subfield>
    <subfield code="b"> 1726     </subfield>
  </datafield>
  <datafield tag="106" ind1=" " ind2=" ">
    <subfield code="a">0</subfield>
    <subfield code="b">1</subfield>
    <subfield code="c">0</subfield>
  </datafield>
  <datafield tag="152" ind1=" " ind2=" ">
    <subfield code="a">AFNOR</subfield>
  </datafield>
  <datafield tag="230" ind1=" " ind2=" ">
    <subfield code="7">ba0yba0y</subfield>
    <subfield code="9">1</subfield>
    <subfield code="a">Die Vernünftigen Tadlerinnen (périodique)</subfield>
  </datafield>
  <datafield tag="300" ind1="0" ind2=" ">
    <subfield code="7">ba0yba0y</subfield>
    <subfield code="a">Périodique allemand fondé par Johann Christoph Gottsched à Halle et à Leipzig. Parution hebdomadaire de 1725 à 1726</subfield>
  </datafield>
  <datafield tag="430" ind1=" " ind2=" ">
    <subfield code="7">ba0yba0y</subfield>
    <subfield code="9">1</subfield>
    <subfield code="a">Die Vernünfftigen Tadlerinnen (périodique)</subfield>
  </datafield>
  <datafield tag="500" ind1=" " ind2=" ">
    <subfield code="3">027593118</subfield>
    <subfield code="7">ba0yba0y</subfield>
    <subfield code="a">Gottsched</subfield>
    <subfield code="b">Johann Christoph</subfield>
    <subfield code="f">1700-1766</subfield>
  </datafield>
  <datafield tag="676" ind1=" " ind2=" ">
    <subfield code="a">070</subfield>
  </datafield>
  <datafield tag="801" ind1=" " ind2="3">
    <subfield code="a">FR</subfield>
    <subfield code="b">Abes</subfield>
    <subfield code="c">20091006</subfield>
    <subfield code="g">AFNOR</subfield>
  </datafield>
  <datafield tag="810" ind1=" " ind2=" ">
    <subfield code="a">ZDB, 1997-10. Lit. Brockhaus. Lit. Lex. / W. Killy</subfield>
  </datafield>
  <datafield tag="810" ind1=" " ind2=" ">
    <subfield code="a">Schreibstrategien in moralischen Wochenschriften : formalstilistische, pragmatische und rhetorische Untersuchungen am Beispiel von Gottscheds &quot;Vernünfftigen Tadlerinnen&quot; / Susanne Niefanger, 1997</subfield>
  </datafield>
  <datafield tag="930" ind1=" " ind2=" ">
    <subfield code="a">Die Vernünftigen Tadlerinnen (périodique)</subfield>
  </datafield>
  <datafield tag="931" ind1=" " ind2=" ">
    <subfield code="a">Die Vernünfftigen Tadlerinnen (périodique)</subfield>
  </datafield>
</record>