


<record>
  <leader>     cx  h22     3  45  </leader>
  <controlfield tag="001">055323405</controlfield>
  <controlfield tag="003">http://www.idref.fr/055323405</controlfield>
  <controlfield tag="004">20010221</controlfield>
  <controlfield tag="005">20151003043614.000</controlfield>
  <controlfield tag="006">0004</controlfield>
  <controlfield tag="007">4994</controlfield>
  <controlfield tag="008">Tq5</controlfield>
  <datafield tag="033" ind1=" " ind2=" ">
    <subfield code="a">http://catalogue.bnf.fr/ark:/12148/cb13607746j</subfield>
    <subfield code="2">BNF</subfield>
    <subfield code="d">20150918</subfield>
  </datafield>
  <datafield tag="035" ind1=" " ind2=" ">
    <subfield code="a">frBN015352687</subfield>
  </datafield>
  <datafield tag="035" ind1=" " ind2=" ">
    <subfield code="a">FRBNF136077462</subfield>
    <subfield code="z">FRBNF13607746</subfield>
  </datafield>
  <datafield tag="100" ind1=" " ind2=" ">
    <subfield code="a">20010221afrey50      ba0</subfield>
  </datafield>
  <datafield tag="102" ind1=" " ind2=" ">
    <subfield code="a">IT</subfield>
  </datafield>
  <datafield tag="106" ind1=" " ind2=" ">
    <subfield code="a">2</subfield>
    <subfield code="b">1</subfield>
    <subfield code="c">0</subfield>
  </datafield>
  <datafield tag="152" ind1=" " ind2=" ">
    <subfield code="a">AFNOR</subfield>
  </datafield>
  <datafield tag="240" ind1=" " ind2=" ">
    <subfield code="7">ba0yba0y</subfield>
    <subfield code="a">Léonard de Vinci (1452-1519)</subfield>
    <subfield code="t">La Vierge à l&apos;Enfant avec sainte Anne</subfield>
  </datafield>
  <datafield tag="430" ind1=" " ind2=" ">
    <subfield code="7">ba0yba0y</subfield>
    <subfield code="9">1</subfield>
    <subfield code="a">La Vierge à l&apos;Enfant avec sainte Anne (peinture)</subfield>
  </datafield>
  <datafield tag="676" ind1=" " ind2=" ">
    <subfield code="a">750</subfield>
  </datafield>
  <datafield tag="801" ind1=" " ind2="3">
    <subfield code="a">FR</subfield>
    <subfield code="b">Abes</subfield>
    <subfield code="c">20151003</subfield>
    <subfield code="g">AFNOR</subfield>
  </datafield>
  <datafield tag="810" ind1=" " ind2=" ">
    <subfield code="a">Au Louvre avec Viviane Forrester, &quot;La Vierge à l&apos;Enfant avec sainte Anne&quot;, 2000</subfield>
  </datafield>
  <datafield tag="931" ind1=" " ind2=" ">
    <subfield code="a">La Vierge à l&apos;Enfant avec sainte Anne (peinture)</subfield>
  </datafield>
  <datafield tag="940" ind1=" " ind2=" ">
    <subfield code="a">Léonard de Vinci (1452-1519). La Vierge à l&apos;Enfant avec sainte Anne</subfield>
  </datafield>
</record>