


<record>
  <leader>     cx  h22     3  45  </leader>
  <controlfield tag="001">055766439</controlfield>
  <controlfield tag="003">http://www.idref.fr/055766439</controlfield>
  <controlfield tag="004">20010611</controlfield>
  <controlfield tag="005">20091006041333.000</controlfield>
  <controlfield tag="006">590092101</controlfield>
  <controlfield tag="007">1999</controlfield>
  <controlfield tag="008">Tq5</controlfield>
  <datafield tag="100" ind1=" " ind2=" ">
    <subfield code="a">20010611afrey50      ba0</subfield>
  </datafield>
  <datafield tag="106" ind1=" " ind2=" ">
    <subfield code="a">2</subfield>
    <subfield code="b">1</subfield>
    <subfield code="c">0</subfield>
  </datafield>
  <datafield tag="152" ind1=" " ind2=" ">
    <subfield code="a">AFNOR</subfield>
  </datafield>
  <datafield tag="240" ind1=" " ind2=" ">
    <subfield code="7">ba0yba0y</subfield>
    <subfield code="a">Gauguin, Paul (1848-1903)</subfield>
    <subfield code="t">D&apos;où venons-nous, que sommes-nous, où allons-nous ?</subfield>
  </datafield>
  <datafield tag="801" ind1=" " ind2="3">
    <subfield code="a">FR</subfield>
    <subfield code="b">Abes</subfield>
    <subfield code="c">20091006</subfield>
    <subfield code="g">AFNOR</subfield>
  </datafield>
  <datafield tag="810" ind1=" " ind2=" ">
    <subfield code="a">Quant au livre : triptyque en l&apos;honneur de Gauguin / Michel Butor. - Paris : Bibliothèque nationale de France, 2000</subfield>
  </datafield>
  <datafield tag="940" ind1=" " ind2=" ">
    <subfield code="a">Gauguin, Paul (1848-1903). D&apos;où venons-nous, que sommes-nous, où allons-nous ?</subfield>
  </datafield>
</record>