


<record>
  <leader>     cx  h22     3  45  </leader>
  <controlfield tag="001">060605200</controlfield>
  <controlfield tag="003">http://www.idref.fr/060605200</controlfield>
  <controlfield tag="004">20020423</controlfield>
  <controlfield tag="005">20091007030507.000</controlfield>
  <controlfield tag="006">751025206</controlfield>
  <controlfield tag="007">1999</controlfield>
  <controlfield tag="008">Tq5</controlfield>
  <datafield tag="100" ind1=" " ind2=" ">
    <subfield code="a">20020423afrey50      ba0</subfield>
  </datafield>
  <datafield tag="101" ind1=" " ind2=" ">
    <subfield code="a">fre</subfield>
  </datafield>
  <datafield tag="102" ind1=" " ind2=" ">
    <subfield code="a">US</subfield>
  </datafield>
  <datafield tag="103" ind1=" " ind2=" ">
    <subfield code="a"> 147?     </subfield>
  </datafield>
  <datafield tag="106" ind1=" " ind2=" ">
    <subfield code="a">0</subfield>
    <subfield code="b">1</subfield>
    <subfield code="c">0</subfield>
  </datafield>
  <datafield tag="152" ind1=" " ind2=" ">
    <subfield code="a">AFNOR</subfield>
  </datafield>
  <datafield tag="240" ind1=" " ind2=" ">
    <subfield code="7">ba0yba0y</subfield>
    <subfield code="a">Leonard de Vinci (1452-1519)</subfield>
    <subfield code="t">Ginevra de&apos;Benci</subfield>
  </datafield>
  <datafield tag="300" ind1=" " ind2=" ">
    <subfield code="7">ba0yba0y</subfield>
    <subfield code="a">Tableau daté des années 1470. Conservé à la National Gallery of Art (Washington)</subfield>
  </datafield>
  <datafield tag="440" ind1=" " ind2=" ">
    <subfield code="7">ba0yba0y</subfield>
    <subfield code="a">Leonard de Vinci (1452-1519)</subfield>
    <subfield code="t">Portrait de Ginevra dei Benci</subfield>
  </datafield>
  <datafield tag="801" ind1=" " ind2="3">
    <subfield code="a">FR</subfield>
    <subfield code="b">Abes</subfield>
    <subfield code="c">20091007</subfield>
    <subfield code="g">AFNOR</subfield>
  </datafield>
  <datafield tag="810" ind1=" " ind2=" ">
    <subfield code="a">Virtue &amp; beauty : Leonardo&apos;s Ginevra de&apos; Benci and Renaissance portraits of women / David Alan Brown ... [et al.] Washington : National Gallery of Art, 2001</subfield>
  </datafield>
  <datafield tag="940" ind1=" " ind2=" ">
    <subfield code="a">Leonard de Vinci (1452-1519). Ginevra de&apos;Benci</subfield>
  </datafield>
  <datafield tag="941" ind1=" " ind2=" ">
    <subfield code="a">Leonard de Vinci (1452-1519). Portrait de Ginevra dei Benci</subfield>
  </datafield>
</record>