


<record>
  <leader>     cx  h22     3  45  </leader>
  <controlfield tag="001">061424749</controlfield>
  <controlfield tag="003">http://www.idref.fr/061424749</controlfield>
  <controlfield tag="004">20020621</controlfield>
  <controlfield tag="005">20031117172832.000</controlfield>
  <controlfield tag="006">751052203</controlfield>
  <controlfield tag="007">999999999</controlfield>
  <controlfield tag="008">Tq5</controlfield>
  <datafield tag="100" ind1=" " ind2=" ">
    <subfield code="a">20020621afrey50      ba0</subfield>
  </datafield>
  <datafield tag="101" ind1=" " ind2=" ">
    <subfield code="a">ita</subfield>
  </datafield>
  <datafield tag="102" ind1=" " ind2=" ">
    <subfield code="a">IT</subfield>
  </datafield>
  <datafield tag="103" ind1=" " ind2=" ">
    <subfield code="a"> 1475     </subfield>
    <subfield code="b"> 1564     </subfield>
  </datafield>
  <datafield tag="106" ind1=" " ind2=" ">
    <subfield code="a">0</subfield>
    <subfield code="b">1</subfield>
    <subfield code="c">0</subfield>
  </datafield>
  <datafield tag="152" ind1=" " ind2=" ">
    <subfield code="a">AFNOR</subfield>
  </datafield>
  <datafield tag="240" ind1=" " ind2=" ">
    <subfield code="7">ba0yba0y</subfield>
    <subfield code="a">Michel-Ange (1475-1564)</subfield>
    <subfield code="t">Tombeau de Jules II</subfield>
  </datafield>
  <datafield tag="300" ind1="1" ind2=" ">
    <subfield code="7">ba0yba0y</subfield>
    <subfield code="a">Sculpture réalisée pour l&apos;Eglise San Pietro in Vincoli à Rome</subfield>
  </datafield>
  <datafield tag="801" ind1=" " ind2="3">
    <subfield code="a">FR</subfield>
    <subfield code="b">Abes</subfield>
    <subfield code="c">20031117</subfield>
    <subfield code="g">AFNOR</subfield>
  </datafield>
  <datafield tag="940" ind1=" " ind2=" ">
    <subfield code="a">Michel-Ange (1475-1564). Tombeau de Jules II</subfield>
  </datafield>
</record>