


<record>
  <leader>     cx  h22     3  45  </leader>
  <controlfield tag="001">068917708</controlfield>
  <controlfield tag="003">http://www.idref.fr/068917708</controlfield>
  <controlfield tag="004">20021121</controlfield>
  <controlfield tag="005">20151001063830.000</controlfield>
  <controlfield tag="006">861942101</controlfield>
  <controlfield tag="007">4994</controlfield>
  <controlfield tag="008">Tq5</controlfield>
  <datafield tag="033" ind1=" " ind2=" ">
    <subfield code="a">http://catalogue.bnf.fr/ark:/12148/cb12534285n</subfield>
    <subfield code="2">BNF</subfield>
    <subfield code="d">20150918</subfield>
  </datafield>
  <datafield tag="035" ind1=" " ind2=" ">
    <subfield code="a">frBN012828608</subfield>
  </datafield>
  <datafield tag="035" ind1=" " ind2=" ">
    <subfield code="a">FRBNF125342856</subfield>
    <subfield code="z">FRBNF12534285</subfield>
  </datafield>
  <datafield tag="100" ind1=" " ind2=" ">
    <subfield code="a">20021121afrey50      ba0</subfield>
  </datafield>
  <datafield tag="101" ind1=" " ind2=" ">
    <subfield code="a">fre</subfield>
  </datafield>
  <datafield tag="102" ind1=" " ind2=" ">
    <subfield code="a">BE</subfield>
  </datafield>
  <datafield tag="103" ind1=" " ind2=" ">
    <subfield code="a"> 19241030 </subfield>
    <subfield code="b"> 19890710 </subfield>
  </datafield>
  <datafield tag="106" ind1=" " ind2=" ">
    <subfield code="a">0</subfield>
    <subfield code="b">1</subfield>
    <subfield code="c">0</subfield>
  </datafield>
  <datafield tag="152" ind1=" " ind2=" ">
    <subfield code="a">AFNOR</subfield>
  </datafield>
  <datafield tag="240" ind1=" " ind2=" ">
    <subfield code="7">ba0yba0y</subfield>
    <subfield code="a">Charlier, Jean-Michel, 1924-1989</subfield>
    <subfield code="t">Aventures du lieutenant Blueberry</subfield>
  </datafield>
  <datafield tag="300" ind1="1" ind2=" ">
    <subfield code="7">ba0yba0y</subfield>
    <subfield code="a">Série de bandes dessinées de Jean-Michel Charlier et Jean Giraud, dont le premier album fut édité en 1965. François Corteggiani, Colin Wilson et William Vance ont également participé à certains albums</subfield>
  </datafield>
  <datafield tag="440" ind1=" " ind2=" ">
    <subfield code="7">ba0yba0y</subfield>
    <subfield code="a">Charlier, Jean-Michel, 1924-1989</subfield>
    <subfield code="t">Blueberry</subfield>
  </datafield>
  <datafield tag="676" ind1=" " ind2=" ">
    <subfield code="a">740</subfield>
  </datafield>
  <datafield tag="676" ind1=" " ind2=" ">
    <subfield code="a">800</subfield>
  </datafield>
  <datafield tag="801" ind1=" " ind2="3">
    <subfield code="a">FR</subfield>
    <subfield code="b">Abes</subfield>
    <subfield code="c">20151001</subfield>
    <subfield code="g">AFNOR</subfield>
  </datafield>
  <datafield tag="810" ind1=" " ind2=" ">
    <subfield code="a">Guide de la bande dessinée / P. Bronson, 1986. Dictionnaire de la bande dessinée / Henri Filippini, 1989</subfield>
  </datafield>
  <datafield tag="810" ind1=" " ind2=" ">
    <subfield code="a">Il était une fois Blueberry : Charlier, Giraud / D. Pizzoli, 1995</subfield>
  </datafield>
  <datafield tag="940" ind1=" " ind2=" ">
    <subfield code="a">Charlier, Jean-Michel, 1924-1989. Aventures du lieutenant Blueberry</subfield>
  </datafield>
  <datafield tag="941" ind1=" " ind2=" ">
    <subfield code="a">Charlier, Jean-Michel, 1924-1989. Blueberry</subfield>
  </datafield>
</record>