


<record>
  <leader>     cx  f22     3  45  </leader>
  <controlfield tag="001">069913218</controlfield>
  <controlfield tag="003">http://www.idref.fr/069913218</controlfield>
  <controlfield tag="004">20030305</controlfield>
  <controlfield tag="005">20161118191131.000</controlfield>
  <controlfield tag="006">861942101</controlfield>
  <controlfield tag="007">9999</controlfield>
  <controlfield tag="008">Tu5</controlfield>
  <datafield tag="035" ind1=" " ind2=" ">
    <subfield code="a">178460737</subfield>
    <subfield code="9">sudoc</subfield>
  </datafield>
  <datafield tag="035" ind1=" " ind2=" ">
    <subfield code="a">194505723</subfield>
    <subfield code="9">sudoc</subfield>
  </datafield>
  <datafield tag="100" ind1=" " ind2=" ">
    <subfield code="a">20030305afrey50      ba0</subfield>
  </datafield>
  <datafield tag="101" ind1=" " ind2=" ">
    <subfield code="a">ita</subfield>
  </datafield>
  <datafield tag="102" ind1=" " ind2=" ">
    <subfield code="a">IT</subfield>
    <subfield code="a">FR</subfield>
  </datafield>
  <datafield tag="103" ind1=" " ind2=" ">
    <subfield code="a"> 1964     </subfield>
    <subfield code="b"> 1964     </subfield>
  </datafield>
  <datafield tag="106" ind1=" " ind2=" ">
    <subfield code="a">0</subfield>
    <subfield code="b">1</subfield>
    <subfield code="c">0</subfield>
  </datafield>
  <datafield tag="152" ind1=" " ind2=" ">
    <subfield code="a">AFNOR</subfield>
  </datafield>
  <datafield tag="230" ind1=" " ind2=" ">
    <subfield code="7">ba0yba0y</subfield>
    <subfield code="8">freita</subfield>
    <subfield code="9">0</subfield>
    <subfield code="a">Il Vangelo secondo Matteo</subfield>
    <subfield code="n">film</subfield>
  </datafield>
  <datafield tag="300" ind1=" " ind2=" ">
    <subfield code="7">ba0yba0y</subfield>
    <subfield code="a">Fiction long métrage</subfield>
  </datafield>
  <datafield tag="300" ind1=" " ind2=" ">
    <subfield code="7">ba0yba0y</subfield>
    <subfield code="a">Date de réalisation : 1964</subfield>
  </datafield>
  <datafield tag="300" ind1=" " ind2=" ">
    <subfield code="7">ba0yba0y</subfield>
    <subfield code="a">Réalisateur : Pier Paolo Pasolini</subfield>
  </datafield>
  <datafield tag="430" ind1=" " ind2=" ">
    <subfield code="7">ba0yba0y</subfield>
    <subfield code="8">frefre</subfield>
    <subfield code="9">#</subfield>
    <subfield code="a">L&apos; Evangile selon saint Matthieu</subfield>
    <subfield code="n">film</subfield>
  </datafield>
  <datafield tag="430" ind1=" " ind2=" ">
    <subfield code="7">ba0yba0y</subfield>
    <subfield code="8">freeng</subfield>
    <subfield code="9">#</subfield>
    <subfield code="a">The gospel according to St. Matthew</subfield>
    <subfield code="n">film</subfield>
  </datafield>
  <datafield tag="440" ind1=" " ind2=" ">
    <subfield code="7">ba0yba0y</subfield>
    <subfield code="9">#</subfield>
    <subfield code="a">Pasolini, Pier Paolo (1922-1975)</subfield>
    <subfield code="t">Il Vangelo secondo Matteo</subfield>
  </datafield>
  <datafield tag="440" ind1=" " ind2=" ">
    <subfield code="7">ba0yba0y</subfield>
    <subfield code="9">#</subfield>
    <subfield code="a">Pasolini, Pier Paolo (1922-1975)</subfield>
    <subfield code="t">L&apos; Evangile selon saint Matthieu</subfield>
  </datafield>
  <datafield tag="440" ind1=" " ind2=" ">
    <subfield code="7">ba0yba0y</subfield>
    <subfield code="9">#</subfield>
    <subfield code="a">Pasolini, Pier Paolo (1922-1975)</subfield>
    <subfield code="t">The gospel according to St. Matthew</subfield>
  </datafield>
  <datafield tag="500" ind1=" " ind2="1">
    <subfield code="0">Réalisé par</subfield>
    <subfield code="3">027059456</subfield>
    <subfield code="5">z|xxx</subfield>
    <subfield code="7">ba0yba0y</subfield>
    <subfield code="a">Pasolini</subfield>
    <subfield code="b">Pier Paolo</subfield>
    <subfield code="f">1922-1975</subfield>
  </datafield>
  <datafield tag="801" ind1=" " ind2="3">
    <subfield code="a">FR</subfield>
    <subfield code="b">Abes</subfield>
    <subfield code="c">20161118</subfield>
    <subfield code="g">AFNOR</subfield>
    <subfield code="h">178460737</subfield>
  </datafield>
  <datafield tag="801" ind1=" " ind2="3">
    <subfield code="a">FR</subfield>
    <subfield code="b">Abes</subfield>
    <subfield code="c">20161118</subfield>
    <subfield code="g">AFNOR</subfield>
    <subfield code="h">194505723</subfield>
  </datafield>
  <datafield tag="810" ind1=" " ind2=" ">
    <subfield code="a">Dictionnaire mondial du cinéma / Carine Girac-Marinier, 2011</subfield>
  </datafield>
  <datafield tag="810" ind1=" " ind2=" ">
    <subfield code="a">Internet, www.imdb.com/, 2005-10-06</subfield>
    <subfield code="b">Il Vangelo secondo Matteo (autres formes du titre : L&apos;évangile selon saint Matthieu ; The gospel according to St. Matthew). Film de fiction long-métrage noir et blanc réalisé par Pier Paolo Pasolini en 1964. Co-production France / Italie tournée en langue italienne</subfield>
  </datafield>
  <datafield tag="810" ind1=" " ind2=" ">
    <subfield code="a">« Traduire en images » ? Poétiques du film et de la lettre chez Pier Paolo Pasolini, Danièle Huillet et Jean-Marie Straub, et Béla Tarr / Damien Marguet ;</subfield>
  </datafield>
  <datafield tag="930" ind1=" " ind2=" ">
    <subfield code="a">Il Vangelo secondo Matteo (film)</subfield>
  </datafield>
  <datafield tag="931" ind1=" " ind2=" ">
    <subfield code="a">L&apos; Evangile selon saint Matthieu (film)</subfield>
  </datafield>
  <datafield tag="931" ind1=" " ind2=" ">
    <subfield code="a">The gospel according to St. Matthew (film)</subfield>
  </datafield>
  <datafield tag="941" ind1=" " ind2=" ">
    <subfield code="a">Pasolini, Pier Paolo (1922-1975). Il Vangelo secondo Matteo</subfield>
  </datafield>
  <datafield tag="941" ind1=" " ind2=" ">
    <subfield code="a">Pasolini, Pier Paolo (1922-1975). L&apos; Evangile selon saint Matthieu</subfield>
  </datafield>
  <datafield tag="941" ind1=" " ind2=" ">
    <subfield code="a">Pasolini, Pier Paolo (1922-1975). The gospel according to St. Matthew</subfield>
  </datafield>
</record>