


<record>
  <leader>     cx  h22     3  45  </leader>
  <controlfield tag="001">07909712X</controlfield>
  <controlfield tag="003">http://www.idref.fr/07909712X</controlfield>
  <controlfield tag="004">20040622</controlfield>
  <controlfield tag="005">20091007041303.000</controlfield>
  <controlfield tag="006">751082101</controlfield>
  <controlfield tag="007">1999</controlfield>
  <controlfield tag="008">Tq5</controlfield>
  <datafield tag="100" ind1=" " ind2=" ">
    <subfield code="a">20040622afrey50      ba0</subfield>
  </datafield>
  <datafield tag="101" ind1=" " ind2=" ">
    <subfield code="a">ita</subfield>
  </datafield>
  <datafield tag="102" ind1=" " ind2=" ">
    <subfield code="a">IT</subfield>
  </datafield>
  <datafield tag="103" ind1=" " ind2=" ">
    <subfield code="a"> 1552    ?</subfield>
    <subfield code="b"> 1564    ?</subfield>
  </datafield>
  <datafield tag="106" ind1=" " ind2=" ">
    <subfield code="a">2</subfield>
    <subfield code="b">1</subfield>
    <subfield code="c">0</subfield>
  </datafield>
  <datafield tag="152" ind1=" " ind2=" ">
    <subfield code="a">AFNOR</subfield>
  </datafield>
  <datafield tag="240" ind1=" " ind2=" ">
    <subfield code="7">ba0yba0y</subfield>
    <subfield code="9">0</subfield>
    <subfield code="a">Michel-Ange (1475-1564)</subfield>
    <subfield code="t">Pietà Rondanini</subfield>
  </datafield>
  <datafield tag="300" ind1="1" ind2=" ">
    <subfield code="7">ba0yba0y</subfield>
    <subfield code="a">Dernière oeuvre de Michel-Ange et troisème des Piétà qu&apos;il a scuptées. Elle se trouve au Musée du Castello Sforzesco (Milan)</subfield>
  </datafield>
  <datafield tag="430" ind1=" " ind2=" ">
    <subfield code="7">ba0yba0y</subfield>
    <subfield code="9">#</subfield>
    <subfield code="a">Pietà</subfield>
    <subfield code="n">sculpture</subfield>
  </datafield>
  <datafield tag="430" ind1=" " ind2=" ">
    <subfield code="7">ba0yba0y</subfield>
    <subfield code="9">#</subfield>
    <subfield code="a">Pietà Rondanini</subfield>
    <subfield code="n">sculpture</subfield>
  </datafield>
  <datafield tag="440" ind1=" " ind2=" ">
    <subfield code="7">ba0yba0y</subfield>
    <subfield code="9">#</subfield>
    <subfield code="a">Michel-Ange (1475-1564)</subfield>
    <subfield code="t">Pietà</subfield>
  </datafield>
  <datafield tag="676" ind1=" " ind2=" ">
    <subfield code="a">730</subfield>
  </datafield>
  <datafield tag="801" ind1=" " ind2="3">
    <subfield code="a">FR</subfield>
    <subfield code="b">Abes</subfield>
    <subfield code="c">20091007</subfield>
    <subfield code="g">AFNOR</subfield>
  </datafield>
  <datafield tag="810" ind1=" " ind2=" ">
    <subfield code="a">Michelangelo : la Pietà Rondanini / Antonio Paolucci ; fotografie di Aurelio Amendola, 1999</subfield>
  </datafield>
  <datafield tag="810" ind1=" " ind2=" ">
    <subfield code="a">Encyclopaedia universalis</subfield>
    <subfield code="b">Piétà Rondanini, sculpture de Michel-Ange réalisée entre 1552 et 1564</subfield>
  </datafield>
  <datafield tag="810" ind1=" " ind2=" ">
    <subfield code="a">Internet, www.arstella.fr</subfield>
    <subfield code="b">Pieta rondanini, sculpture inachevée de Michel-Ange</subfield>
  </datafield>
  <datafield tag="931" ind1=" " ind2=" ">
    <subfield code="a">Pietà (sculpture)</subfield>
  </datafield>
  <datafield tag="931" ind1=" " ind2=" ">
    <subfield code="a">Pietà Rondanini (sculpture)</subfield>
  </datafield>
  <datafield tag="940" ind1=" " ind2=" ">
    <subfield code="a">Michel-Ange (1475-1564). Pietà Rondanini</subfield>
  </datafield>
  <datafield tag="941" ind1=" " ind2=" ">
    <subfield code="a">Michel-Ange (1475-1564). Pietà</subfield>
  </datafield>
</record>