


<record>
  <leader>     nx  h22     3  45  </leader>
  <controlfield tag="001">079494285</controlfield>
  <controlfield tag="003">http://www.idref.fr/079494285</controlfield>
  <controlfield tag="004">20040716</controlfield>
  <controlfield tag="005">20040716110713.000</controlfield>
  <controlfield tag="006">751025206</controlfield>
  <controlfield tag="007">751025206</controlfield>
  <controlfield tag="008">Tq5</controlfield>
  <datafield tag="100" ind1=" " ind2=" ">
    <subfield code="a">20040716afrey50      ba0</subfield>
  </datafield>
  <datafield tag="101" ind1=" " ind2=" ">
    <subfield code="a">ita</subfield>
  </datafield>
  <datafield tag="102" ind1=" " ind2=" ">
    <subfield code="a">IT</subfield>
  </datafield>
  <datafield tag="103" ind1=" " ind2=" ">
    <subfield code="a"> 1515     </subfield>
    <subfield code="b"> 1516     </subfield>
  </datafield>
  <datafield tag="106" ind1=" " ind2=" ">
    <subfield code="a">0</subfield>
    <subfield code="b">1</subfield>
    <subfield code="c">0</subfield>
  </datafield>
  <datafield tag="152" ind1=" " ind2=" ">
    <subfield code="a">AFNOR</subfield>
  </datafield>
  <datafield tag="240" ind1=" " ind2=" ">
    <subfield code="7">ba0yba0y</subfield>
    <subfield code="8">frefre</subfield>
    <subfield code="9">0</subfield>
    <subfield code="a">Michel-Ange (1475-1564)</subfield>
    <subfield code="t">Moi͏̈se</subfield>
  </datafield>
  <datafield tag="801" ind1=" " ind2="3">
    <subfield code="a">FR</subfield>
    <subfield code="b">Abes</subfield>
    <subfield code="c">20040716</subfield>
    <subfield code="g">AFNOR</subfield>
  </datafield>
  <datafield tag="810" ind1=" " ind2=" ">
    <subfield code="a">Michelangelos Moses und Freuds &quot;Wagstück : eine Collage / Ilse Grubrich-Simitis. - Frankfurt am Main : S. Fischer, 2004</subfield>
  </datafield>
  <datafield tag="940" ind1=" " ind2=" ">
    <subfield code="a">Michel-Ange (1475-1564). Moi͏̈se</subfield>
  </datafield>
</record>