


<record>
  <leader>     cx  h22     3  45  </leader>
  <controlfield tag="001">080757677</controlfield>
  <controlfield tag="003">http://www.idref.fr/080757677</controlfield>
  <controlfield tag="004">19960703</controlfield>
  <controlfield tag="005">20160115051532.000</controlfield>
  <controlfield tag="006">0004</controlfield>
  <controlfield tag="007">4994</controlfield>
  <controlfield tag="008">Tq5</controlfield>
  <datafield tag="033" ind1=" " ind2=" ">
    <subfield code="a">http://catalogue.bnf.fr/ark:/12148/cb13991277c</subfield>
    <subfield code="2">BNF</subfield>
    <subfield code="d">20160114</subfield>
  </datafield>
  <datafield tag="035" ind1=" " ind2=" ">
    <subfield code="a">FRBNF139912775</subfield>
    <subfield code="z">FRBNF13991277</subfield>
  </datafield>
  <datafield tag="100" ind1=" " ind2=" ">
    <subfield code="a">19960703afrey50      ba0</subfield>
  </datafield>
  <datafield tag="101" ind1=" " ind2=" ">
    <subfield code="a">fre</subfield>
  </datafield>
  <datafield tag="102" ind1=" " ind2=" ">
    <subfield code="a">XX</subfield>
  </datafield>
  <datafield tag="103" ind1=" " ind2=" ">
    <subfield code="a"> 19671125 </subfield>
  </datafield>
  <datafield tag="106" ind1=" " ind2=" ">
    <subfield code="a">2</subfield>
    <subfield code="b">1</subfield>
    <subfield code="c">0</subfield>
  </datafield>
  <datafield tag="128" ind1=" " ind2=" ">
    <subfield code="a">op</subfield>
    <subfield code="b">oa01</subfield>
    <subfield code="c">vu11</subfield>
  </datafield>
  <datafield tag="152" ind1=" " ind2=" ">
    <subfield code="a">AFNOR</subfield>
  </datafield>
  <datafield tag="240" ind1=" " ind2=" ">
    <subfield code="7">ba0yba0y</subfield>
    <subfield code="8">frefre</subfield>
    <subfield code="9">#</subfield>
    <subfield code="a">Ledru, Jack (1922-....)</subfield>
    <subfield code="t">Vienne chante et danse</subfield>
  </datafield>
  <datafield tag="300" ind1=" " ind2=" ">
    <subfield code="7">ba0yba0y</subfield>
    <subfield code="a">Opérette en 2 actes et 18 tableaux. Livret et couplets d&apos;Henri Varna, Marc Cab et René Richard, d&apos;après le roman de Suzanne Normand et Jean Acker, &quot;Le Vagabond impérial. Airs additionnels de Johann Strauss père et fils. Orchestration de Mario Bua. 1re représentation : Paris, Théâtre Mogador, 25 novembre 1967. Nouvelle version en 1976</subfield>
  </datafield>
  <datafield tag="500" ind1=" " ind2="1">
    <subfield code="0">Airs additionnels de</subfield>
    <subfield code="3">031721311</subfield>
    <subfield code="7">ba0yba0y</subfield>
    <subfield code="a">Strauss</subfield>
    <subfield code="b">Johann</subfield>
    <subfield code="f">1804-1849</subfield>
  </datafield>
  <datafield tag="500" ind1=" " ind2="1">
    <subfield code="0">Airs additionnels de</subfield>
    <subfield code="3">030124417</subfield>
    <subfield code="7">ba0yba0y</subfield>
    <subfield code="a">Strauss</subfield>
    <subfield code="b">Johann</subfield>
    <subfield code="f">1825-1899</subfield>
  </datafield>
  <datafield tag="500" ind1=" " ind2="1">
    <subfield code="0">Orchestration de</subfield>
    <subfield code="3">080758177</subfield>
    <subfield code="7">ba0yba0y</subfield>
    <subfield code="a">Bua</subfield>
    <subfield code="b">Mario</subfield>
  </datafield>
  <datafield tag="500" ind1=" " ind2="1">
    <subfield code="0">Livret de</subfield>
    <subfield code="3">027007294</subfield>
    <subfield code="5">z|xxx</subfield>
    <subfield code="7">ba0yba0y</subfield>
    <subfield code="a">Cab</subfield>
    <subfield code="b">Marc</subfield>
    <subfield code="f">19..-....</subfield>
  </datafield>
  <datafield tag="500" ind1=" " ind2="1">
    <subfield code="0">Livret de</subfield>
    <subfield code="3">080758185</subfield>
    <subfield code="5">z|xxx</subfield>
    <subfield code="7">ba0yba0y</subfield>
    <subfield code="a">Richard</subfield>
    <subfield code="b">René</subfield>
    <subfield code="f">1914-....</subfield>
  </datafield>
  <datafield tag="500" ind1=" " ind2="1">
    <subfield code="0">Livret de</subfield>
    <subfield code="3">080758193</subfield>
    <subfield code="5">z|xxx</subfield>
    <subfield code="7">ba0yba0y</subfield>
    <subfield code="a">Varna</subfield>
    <subfield code="b">Henri</subfield>
  </datafield>
  <datafield tag="801" ind1=" " ind2="0">
    <subfield code="a">FR</subfield>
    <subfield code="b">BnF</subfield>
    <subfield code="c">20040824</subfield>
  </datafield>
  <datafield tag="801" ind1=" " ind2="3">
    <subfield code="a">FR</subfield>
    <subfield code="b">Abes</subfield>
    <subfield code="c">20160115</subfield>
    <subfield code="g">AFNOR</subfield>
  </datafield>
  <datafield tag="810" ind1=" " ind2=" ">
    <subfield code="a">BNF-Musique, fichier auteurs</subfield>
  </datafield>
  <datafield tag="810" ind1=" " ind2=" ">
    <subfield code="a">Opérette - http://perso.wanadoo.fr/anao (2004-08-23)</subfield>
  </datafield>
  <datafield tag="940" ind1=" " ind2=" ">
    <subfield code="a">Ledru, Jack (1922-....). Vienne chante et danse</subfield>
  </datafield>
</record>