


<record>
  <leader>     cx  f22     3  45  </leader>
  <controlfield tag="001">085649732</controlfield>
  <controlfield tag="003">http://www.idref.fr/085649732</controlfield>
  <controlfield tag="004">20021023</controlfield>
  <controlfield tag="005">20151003061348.000</controlfield>
  <controlfield tag="006">0004</controlfield>
  <controlfield tag="007">4994</controlfield>
  <controlfield tag="008">Tu5</controlfield>
  <datafield tag="033" ind1=" " ind2=" ">
    <subfield code="a">http://catalogue.bnf.fr/ark:/12148/cb144313452</subfield>
    <subfield code="2">BNF</subfield>
    <subfield code="d">20150918</subfield>
  </datafield>
  <datafield tag="035" ind1=" " ind2=" ">
    <subfield code="a">FRBNF144313453</subfield>
    <subfield code="z">FRBNF14431345</subfield>
  </datafield>
  <datafield tag="100" ind1=" " ind2=" ">
    <subfield code="a">20021023afrey50      ba0</subfield>
  </datafield>
  <datafield tag="101" ind1=" " ind2=" ">
    <subfield code="a">lat</subfield>
  </datafield>
  <datafield tag="102" ind1=" " ind2=" ">
    <subfield code="a">FR</subfield>
  </datafield>
  <datafield tag="103" ind1=" " ind2=" ">
    <subfield code="b"> 10..     </subfield>
  </datafield>
  <datafield tag="106" ind1=" " ind2=" ">
    <subfield code="a">1</subfield>
    <subfield code="b">#</subfield>
  </datafield>
  <datafield tag="152" ind1=" " ind2=" ">
    <subfield code="a">AFNOR</subfield>
  </datafield>
  <datafield tag="230" ind1=" " ind2=" ">
    <subfield code="7">ba0yba0y</subfield>
    <subfield code="8">frelat</subfield>
    <subfield code="9">0</subfield>
    <subfield code="a">Oratio sancti Ambrosii</subfield>
  </datafield>
  <datafield tag="300" ind1=" " ind2=" ">
    <subfield code="7">ba0yba0y</subfield>
    <subfield code="a">Prière préparatoire à la messe, répartie sur les jours de la semaine et intégrée par la suite dans le &quot;Missale Romanum. Incipit : &quot;Summe sacerdos. Il en existe deux formes brèves et une forme longue</subfield>
  </datafield>
  <datafield tag="430" ind1=" " ind2=" ">
    <subfield code="7">ba0yba0y</subfield>
    <subfield code="8">frelat</subfield>
    <subfield code="9">#</subfield>
    <subfield code="a">Oratio Ambrosii</subfield>
  </datafield>
  <datafield tag="430" ind1=" " ind2=" ">
    <subfield code="7">ba0yba0y</subfield>
    <subfield code="8">frelat</subfield>
    <subfield code="9">#</subfield>
    <subfield code="a">Oratio sancti Ambrosii episcopi</subfield>
  </datafield>
  <datafield tag="430" ind1=" " ind2=" ">
    <subfield code="7">ba0yba0y</subfield>
    <subfield code="8">frelat</subfield>
    <subfield code="9">#</subfield>
    <subfield code="a">Oratio &quot;Summe sacerdos&quot;</subfield>
  </datafield>
  <datafield tag="430" ind1=" " ind2=" ">
    <subfield code="7">ba0yba0y</subfield>
    <subfield code="8">frelat</subfield>
    <subfield code="9">#</subfield>
    <subfield code="a">Summe sacerdos</subfield>
  </datafield>
  <datafield tag="430" ind1=" " ind2=" ">
    <subfield code="7">ba0yba0y</subfield>
    <subfield code="8">frefre</subfield>
    <subfield code="9">#</subfield>
    <subfield code="a">Oraison de saint Ambroise</subfield>
  </datafield>
  <datafield tag="500" ind1=" " ind2="1">
    <subfield code="3">028612221</subfield>
    <subfield code="5">i|xxx</subfield>
    <subfield code="7">ba0yba0y</subfield>
    <subfield code="a">Jean de Fécamp</subfield>
    <subfield code="f">0990?-1078</subfield>
  </datafield>
  <datafield tag="500" ind1=" " ind2="0">
    <subfield code="Q">FRBNF11888642</subfield>
    <subfield code="7">ba0yba0y</subfield>
    <subfield code="a">Ambroise</subfield>
    <subfield code="f">0340?-0397</subfield>
    <subfield code="c">saint</subfield>
  </datafield>
  <datafield tag="500" ind1=" " ind2="0">
    <subfield code="0">Attribué, à tort, à</subfield>
    <subfield code="3">027280896</subfield>
    <subfield code="5">i|xxx</subfield>
    <subfield code="7">ba0yba0y</subfield>
    <subfield code="a">Augustin</subfield>
    <subfield code="c">saint</subfield>
    <subfield code="f">0354-0430</subfield>
  </datafield>
  <datafield tag="500" ind1=" " ind2="0">
    <subfield code="0">Attribué, à tort, à</subfield>
    <subfield code="3">026687836</subfield>
    <subfield code="7">ba0yba0y</subfield>
    <subfield code="a">Anselme</subfield>
    <subfield code="c">saint</subfield>
    <subfield code="f">1033-1109</subfield>
  </datafield>
  <datafield tag="801" ind1=" " ind2="0">
    <subfield code="a">FR</subfield>
    <subfield code="b">BnF</subfield>
    <subfield code="c">20021023</subfield>
  </datafield>
  <datafield tag="801" ind1=" " ind2="3">
    <subfield code="a">FR</subfield>
    <subfield code="b">Abes</subfield>
    <subfield code="c">20151003</subfield>
    <subfield code="g">AFNOR</subfield>
  </datafield>
  <datafield tag="810" ind1=" " ind2=" ">
    <subfield code="a">Auteurs spirituels et textes dévots du Moyen âge latin / André Wilmart, 1971, p. 101 : forme retenue</subfield>
  </datafield>
  <datafield tag="810" ind1=" " ind2=" ">
    <subfield code="a">La confession théologique / Jean de Fécamp, 1992 : Summe sacerdos ; Oraison de saint Ambroise</subfield>
  </datafield>
  <datafield tag="810" ind1=" " ind2=" ">
    <subfield code="a">L&apos;Église en prière : introduction à la liturgie / Aimé-Georges Martimort. Nouv. éd. T. 2, 1983, p. 167 : Oraison de saint Ambroise</subfield>
  </datafield>
  <datafield tag="815" ind1=" " ind2=" ">
    <subfield code="a">Dict. spiritualité</subfield>
  </datafield>
  <datafield tag="930" ind1=" " ind2=" ">
    <subfield code="a">Oratio sancti Ambrosii</subfield>
  </datafield>
  <datafield tag="931" ind1=" " ind2=" ">
    <subfield code="a">Oratio Ambrosii</subfield>
  </datafield>
  <datafield tag="931" ind1=" " ind2=" ">
    <subfield code="a">Oratio sancti Ambrosii episcopi</subfield>
  </datafield>
  <datafield tag="931" ind1=" " ind2=" ">
    <subfield code="a">Oratio &quot;Summe sacerdos&quot;</subfield>
  </datafield>
  <datafield tag="931" ind1=" " ind2=" ">
    <subfield code="a">Summe sacerdos</subfield>
  </datafield>
  <datafield tag="931" ind1=" " ind2=" ">
    <subfield code="a">Oraison de saint Ambroise</subfield>
  </datafield>
</record>