


<record>
  <leader>     nx  h22     3  45  </leader>
  <controlfield tag="001">109570677</controlfield>
  <controlfield tag="003">http://www.idref.fr/109570677</controlfield>
  <controlfield tag="004">20061011</controlfield>
  <controlfield tag="005">20061011095343.000</controlfield>
  <controlfield tag="006">751065210</controlfield>
  <controlfield tag="007">751065210</controlfield>
  <controlfield tag="008">Tq5</controlfield>
  <datafield tag="100" ind1=" " ind2=" ">
    <subfield code="a">20061011afrey50      ba0</subfield>
  </datafield>
  <datafield tag="101" ind1=" " ind2=" ">
    <subfield code="a">fre</subfield>
  </datafield>
  <datafield tag="103" ind1=" " ind2=" ">
    <subfield code="a"> 1910     </subfield>
    <subfield code="b"> 1974     </subfield>
  </datafield>
  <datafield tag="106" ind1=" " ind2=" ">
    <subfield code="a">2</subfield>
    <subfield code="b">1</subfield>
    <subfield code="c">0</subfield>
  </datafield>
  <datafield tag="128" ind1=" " ind2=" ">
    <subfield code="a">op</subfield>
  </datafield>
  <datafield tag="152" ind1=" " ind2=" ">
    <subfield code="a">AFNOR</subfield>
  </datafield>
  <datafield tag="240" ind1=" " ind2=" ">
    <subfield code="7">ba0yba0y</subfield>
    <subfield code="9">0</subfield>
    <subfield code="a">Milhaud, Darius (1892-1974)</subfield>
    <subfield code="t">Opéras</subfield>
  </datafield>
  <datafield tag="300" ind1=" " ind2=" ">
    <subfield code="7">ba0yba0y</subfield>
    <subfield code="a">Réunit : Esther de Carpentras ; La brebis égarée ; Les malheurs d&apos;Orphée  ; Le pauvre matelot ; L&apos;enlèvement d&apos;Europe ; L&apos;abandon d&apos;Ariane ; La délivrance de Thésée ; Christophe Colomb ; Maximilien ; Médée ; Bolivar ; David ; Fiesta ; La mère coupable ; Saint Louis, roi de France</subfield>
  </datafield>
  <datafield tag="440" ind1=" " ind2=" ">
    <subfield code="7">ba0yba0y</subfield>
    <subfield code="9">#</subfield>
    <subfield code="a">Milhaud, Darius (1892-1974)</subfield>
    <subfield code="t">Intégrale des opéras</subfield>
  </datafield>
  <datafield tag="686" ind1=" " ind2=" ">
    <subfield code="a">780</subfield>
    <subfield code="c">Musique</subfield>
    <subfield code="2">Note de regroupement par domaine</subfield>
  </datafield>
  <datafield tag="801" ind1=" " ind2="0">
    <subfield code="a">FR</subfield>
    <subfield code="b">BnF</subfield>
    <subfield code="c">20040220</subfield>
  </datafield>
  <datafield tag="801" ind1=" " ind2="3">
    <subfield code="a">FR</subfield>
    <subfield code="b">Abes</subfield>
    <subfield code="c">20061011</subfield>
    <subfield code="g">AFNOR</subfield>
  </datafield>
  <datafield tag="810" ind1=" " ind2=" ">
    <subfield code="a">Grove opera</subfield>
  </datafield>
  <datafield tag="940" ind1=" " ind2=" ">
    <subfield code="a">Milhaud, Darius (1892-1974). Opéras</subfield>
  </datafield>
  <datafield tag="941" ind1=" " ind2=" ">
    <subfield code="a">Milhaud, Darius (1892-1974). Intégrale des opéras</subfield>
  </datafield>
</record>