


<record>
  <leader>     cx  f22     3  45  </leader>
  <controlfield tag="001">115456570</controlfield>
  <controlfield tag="003">http://www.idref.fr/115456570</controlfield>
  <controlfield tag="004">20070615</controlfield>
  <controlfield tag="005">20150130093241.000</controlfield>
  <controlfield tag="006">920502101</controlfield>
  <controlfield tag="007">751052219</controlfield>
  <controlfield tag="008">Tu5</controlfield>
  <datafield tag="100" ind1=" " ind2=" ">
    <subfield code="a">20070615afrey50      ba0</subfield>
  </datafield>
  <datafield tag="101" ind1=" " ind2=" ">
    <subfield code="a">fre</subfield>
    <subfield code="a">eng</subfield>
    <subfield code="a">ger</subfield>
  </datafield>
  <datafield tag="102" ind1=" " ind2=" ">
    <subfield code="a">FR</subfield>
  </datafield>
  <datafield tag="103" ind1=" " ind2=" ">
    <subfield code="a"> 1938     </subfield>
    <subfield code="b"> 1938     </subfield>
  </datafield>
  <datafield tag="106" ind1=" " ind2=" ">
    <subfield code="a">0</subfield>
    <subfield code="b">1</subfield>
    <subfield code="c">0</subfield>
  </datafield>
  <datafield tag="152" ind1=" " ind2=" ">
    <subfield code="a">AFNOR</subfield>
  </datafield>
  <datafield tag="230" ind1=" " ind2=" ">
    <subfield code="7">ba0yba0y</subfield>
    <subfield code="a">La Marseillaise</subfield>
    <subfield code="n">film</subfield>
  </datafield>
  <datafield tag="300" ind1=" " ind2=" ">
    <subfield code="7">ba0yba0y</subfield>
    <subfield code="a">Fiction long métrage réalisée par Jean renoir en 1938</subfield>
  </datafield>
  <datafield tag="440" ind1=" " ind2=" ">
    <subfield code="7">ba0yba0y</subfield>
    <subfield code="a">Renoir, Jean (1894-1979)</subfield>
    <subfield code="t">La Marseillaise</subfield>
  </datafield>
  <datafield tag="500" ind1=" " ind2="1">
    <subfield code="0">Réalisé par</subfield>
    <subfield code="3">02727263X</subfield>
    <subfield code="5">z|xxx</subfield>
    <subfield code="7">ba0yba0y</subfield>
    <subfield code="a">Renoir</subfield>
    <subfield code="b">Jean</subfield>
    <subfield code="f">1894-1979</subfield>
  </datafield>
  <datafield tag="801" ind1=" " ind2="3">
    <subfield code="a">FR</subfield>
    <subfield code="b">Abes</subfield>
    <subfield code="c">20150130</subfield>
    <subfield code="g">AFNOR</subfield>
  </datafield>
  <datafield tag="810" ind1=" " ind2=" ">
    <subfield code="a">Popular front Paris and the poetics of culture / Dudley Andrew and Steven Ungar, 2005</subfield>
  </datafield>
  <datafield tag="930" ind1=" " ind2=" ">
    <subfield code="a">La Marseillaise (film)</subfield>
  </datafield>
  <datafield tag="941" ind1=" " ind2=" ">
    <subfield code="a">Renoir, Jean (1894-1979). La Marseillaise</subfield>
  </datafield>
</record>