


<record>
  <leader>     cx  f22     3  45  </leader>
  <controlfield tag="001">124353649</controlfield>
  <controlfield tag="003">http://www.idref.fr/124353649</controlfield>
  <controlfield tag="004">20080529</controlfield>
  <controlfield tag="005">20151003060556.000</controlfield>
  <controlfield tag="006">751052102</controlfield>
  <controlfield tag="007">4994</controlfield>
  <controlfield tag="008">Tu5</controlfield>
  <datafield tag="033" ind1=" " ind2=" ">
    <subfield code="a">http://catalogue.bnf.fr/ark:/12148/cb14412081x</subfield>
    <subfield code="2">BNF</subfield>
    <subfield code="d">20150918</subfield>
  </datafield>
  <datafield tag="035" ind1=" " ind2=" ">
    <subfield code="a">FRBNF144120810</subfield>
    <subfield code="z">FRBNF14412081</subfield>
  </datafield>
  <datafield tag="100" ind1=" " ind2=" ">
    <subfield code="a">20080529afrey50      ba0</subfield>
  </datafield>
  <datafield tag="101" ind1=" " ind2=" ">
    <subfield code="a">ita</subfield>
    <subfield code="a">fre</subfield>
    <subfield code="a">ger</subfield>
  </datafield>
  <datafield tag="102" ind1=" " ind2=" ">
    <subfield code="a">IT</subfield>
    <subfield code="a">FR</subfield>
  </datafield>
  <datafield tag="103" ind1=" " ind2=" ">
    <subfield code="a"> 1975     </subfield>
    <subfield code="b"> 1975     </subfield>
  </datafield>
  <datafield tag="106" ind1=" " ind2=" ">
    <subfield code="a">0</subfield>
    <subfield code="b">1</subfield>
    <subfield code="c">0</subfield>
  </datafield>
  <datafield tag="152" ind1=" " ind2=" ">
    <subfield code="a">AFNOR</subfield>
  </datafield>
  <datafield tag="230" ind1=" " ind2=" ">
    <subfield code="7">ba0yba0y</subfield>
    <subfield code="8">freita</subfield>
    <subfield code="9">0</subfield>
    <subfield code="a">Salò o le centoventi giornate di Sodoma</subfield>
    <subfield code="n">film</subfield>
  </datafield>
  <datafield tag="300" ind1=" " ind2=" ">
    <subfield code="7">ba0yba0y</subfield>
    <subfield code="a">Fiction long métrage</subfield>
  </datafield>
  <datafield tag="300" ind1=" " ind2=" ">
    <subfield code="7">ba0yba0y</subfield>
    <subfield code="a">Date de réalisation : 1975</subfield>
  </datafield>
  <datafield tag="300" ind1=" " ind2=" ">
    <subfield code="7">ba0yba0y</subfield>
    <subfield code="a">Réalisateur : Pier Paolo Pasolini</subfield>
  </datafield>
  <datafield tag="300" ind1=" " ind2=" ">
    <subfield code="7">ba0yba0y</subfield>
    <subfield code="a">Adaptation du roman de Donatien Alphonse François de Sade, &quot;Les 120 journées de Sodome&quot;</subfield>
  </datafield>
  <datafield tag="430" ind1=" " ind2=" ">
    <subfield code="7">ba0yba0y</subfield>
    <subfield code="8">freita</subfield>
    <subfield code="9">#</subfield>
    <subfield code="a">Salò o le 120 giornate di Sodoma</subfield>
    <subfield code="n">film</subfield>
  </datafield>
  <datafield tag="430" ind1=" " ind2=" ">
    <subfield code="7">ba0yba0y</subfield>
    <subfield code="8">frefre</subfield>
    <subfield code="9">#</subfield>
    <subfield code="a">Salò ou les 120 journées de Sodome</subfield>
    <subfield code="n">film</subfield>
  </datafield>
  <datafield tag="430" ind1=" " ind2=" ">
    <subfield code="7">ba0yba0y</subfield>
    <subfield code="8">frefre</subfield>
    <subfield code="9">#</subfield>
    <subfield code="a">Salò ou les cent vingt journées de Sodome</subfield>
    <subfield code="n">film</subfield>
  </datafield>
  <datafield tag="440" ind1=" " ind2=" ">
    <subfield code="7">ba0yba0y</subfield>
    <subfield code="9">#</subfield>
    <subfield code="a">Pasolini, Pier Paolo (1922-1975)</subfield>
    <subfield code="t">Salò o le centoventi giornate di Sodoma</subfield>
  </datafield>
  <datafield tag="440" ind1=" " ind2=" ">
    <subfield code="7">ba0yba0y</subfield>
    <subfield code="9">#</subfield>
    <subfield code="a">Pasolini, Pier Paolo (1922-1975)</subfield>
    <subfield code="t">Salò o le 120 giornate di Sodoma</subfield>
  </datafield>
  <datafield tag="440" ind1=" " ind2=" ">
    <subfield code="7">ba0yba0y</subfield>
    <subfield code="9">#</subfield>
    <subfield code="a">Pasolini, Pier Paolo (1922-1975)</subfield>
    <subfield code="t">Salò ou les 120 journées de Sodome</subfield>
  </datafield>
  <datafield tag="440" ind1=" " ind2=" ">
    <subfield code="7">ba0yba0y</subfield>
    <subfield code="9">#</subfield>
    <subfield code="a">Pasolini, Pier Paolo (1922-1975)</subfield>
    <subfield code="t">Salò ou les cent vingt journées de Sodome</subfield>
  </datafield>
  <datafield tag="500" ind1=" " ind2="1">
    <subfield code="0">Réalisé par</subfield>
    <subfield code="3">027059456</subfield>
    <subfield code="5">z|xxx</subfield>
    <subfield code="7">ba0yba0y</subfield>
    <subfield code="a">Pasolini</subfield>
    <subfield code="b">Pier Paolo</subfield>
    <subfield code="f">1922-1975</subfield>
  </datafield>
  <datafield tag="801" ind1=" " ind2="3">
    <subfield code="a">FR</subfield>
    <subfield code="b">Abes</subfield>
    <subfield code="c">20151003</subfield>
    <subfield code="g">AFNOR</subfield>
  </datafield>
  <datafield tag="810" ind1=" " ind2=" ">
    <subfield code="a">Prenez et mangez, ceci est votre corps :  Salò ou les 120 journées de Sodome de Pier Paolo Pasolini / Frak Vande Veire, 2007</subfield>
  </datafield>
  <datafield tag="810" ind1=" " ind2=" ">
    <subfield code="a">Internet, www.imdb.com/, 2008-05-29</subfield>
    <subfield code="b">Salò o le 120 giornate di Sodoma (autres formes du titre : Salò ou les 120 journées de Sodome, Salò, or the 120 days of Sodom). Film de fiction long-métrage réalisé par Pier Paolo Pasolini en 1975. Co-production Italie / France tournée en langues italienne, française et allemande</subfield>
  </datafield>
  <datafield tag="930" ind1=" " ind2=" ">
    <subfield code="a">Salò o le centoventi giornate di Sodoma (film)</subfield>
  </datafield>
  <datafield tag="931" ind1=" " ind2=" ">
    <subfield code="a">Salò o le 120 giornate di Sodoma (film)</subfield>
  </datafield>
  <datafield tag="931" ind1=" " ind2=" ">
    <subfield code="a">Salò ou les 120 journées de Sodome (film)</subfield>
  </datafield>
  <datafield tag="931" ind1=" " ind2=" ">
    <subfield code="a">Salò ou les cent vingt journées de Sodome (film)</subfield>
  </datafield>
  <datafield tag="941" ind1=" " ind2=" ">
    <subfield code="a">Pasolini, Pier Paolo (1922-1975). Salò o le centoventi giornate di Sodoma</subfield>
  </datafield>
  <datafield tag="941" ind1=" " ind2=" ">
    <subfield code="a">Pasolini, Pier Paolo (1922-1975). Salò o le 120 giornate di Sodoma</subfield>
  </datafield>
  <datafield tag="941" ind1=" " ind2=" ">
    <subfield code="a">Pasolini, Pier Paolo (1922-1975). Salò ou les 120 journées de Sodome</subfield>
  </datafield>
  <datafield tag="941" ind1=" " ind2=" ">
    <subfield code="a">Pasolini, Pier Paolo (1922-1975). Salò ou les cent vingt journées de Sodome</subfield>
  </datafield>
</record>