


<record>
  <leader>     cx  h22     3  45  </leader>
  <controlfield tag="001">132158914</controlfield>
  <controlfield tag="003">http://www.idref.fr/132158914</controlfield>
  <controlfield tag="004">20090323</controlfield>
  <controlfield tag="005">20180125112822.000</controlfield>
  <controlfield tag="006">751052105</controlfield>
  <controlfield tag="007">861942107</controlfield>
  <controlfield tag="008">Tq5</controlfield>
  <datafield tag="033" ind1=" " ind2=" ">
    <subfield code="a">http://catalogue.bnf.fr/ark:/12148/cb12251579q</subfield>
    <subfield code="2">BNF</subfield>
    <subfield code="d">20150918</subfield>
  </datafield>
  <datafield tag="035" ind1=" " ind2=" ">
    <subfield code="a">frBN008204567</subfield>
  </datafield>
  <datafield tag="035" ind1=" " ind2=" ">
    <subfield code="a">FRBNF122515790</subfield>
    <subfield code="z">FRBNF12251579</subfield>
  </datafield>
  <datafield tag="100" ind1=" " ind2=" ">
    <subfield code="a">20090323afrey50      ba0</subfield>
  </datafield>
  <datafield tag="101" ind1=" " ind2=" ">
    <subfield code="a">lat</subfield>
  </datafield>
  <datafield tag="102" ind1=" " ind2=" ">
    <subfield code="a">DE</subfield>
  </datafield>
  <datafield tag="103" ind1=" " ind2=" ">
    <subfield code="a"> 1300    ?</subfield>
  </datafield>
  <datafield tag="106" ind1=" " ind2=" ">
    <subfield code="a">2</subfield>
    <subfield code="b">1</subfield>
    <subfield code="c">0</subfield>
  </datafield>
  <datafield tag="152" ind1=" " ind2=" ">
    <subfield code="a">AFNOR</subfield>
  </datafield>
  <datafield tag="240" ind1=" " ind2=" ">
    <subfield code="7">ba0yba0y</subfield>
    <subfield code="8">frelat</subfield>
    <subfield code="9">0</subfield>
    <subfield code="a">Thomas d&apos;Erfurt (12..-13..)</subfield>
    <subfield code="t">Grammatica speculativa</subfield>
  </datafield>
  <datafield tag="300" ind1=" " ind2=" ">
    <subfield code="7">ba0yba0y</subfield>
    <subfield code="a">Traité de linguistique</subfield>
  </datafield>
  <datafield tag="440" ind1=" " ind2=" ">
    <subfield code="7">ba0yba0y</subfield>
    <subfield code="8">frelat</subfield>
    <subfield code="9">#</subfield>
    <subfield code="a">Thomas d&apos;Erfurt (12..-13..)</subfield>
    <subfield code="t">De modis significandi</subfield>
  </datafield>
  <datafield tag="440" ind1=" " ind2=" ">
    <subfield code="7">ba0yba0y</subfield>
    <subfield code="8">frelat</subfield>
    <subfield code="9">#</subfield>
    <subfield code="a">Thomas d&apos;Erfurt (12..-13..)</subfield>
    <subfield code="t">De modis significandi sive Grammatica speculativa</subfield>
  </datafield>
  <datafield tag="440" ind1=" " ind2=" ">
    <subfield code="7">ba0yba0y</subfield>
    <subfield code="8">frelat</subfield>
    <subfield code="9">#</subfield>
    <subfield code="a">Thomas d&apos;Erfurt (12..-13..)</subfield>
    <subfield code="t">Grammatica speculativa sive De modis significandi</subfield>
  </datafield>
  <datafield tag="440" ind1=" " ind2=" ">
    <subfield code="7">ba0yba0y</subfield>
    <subfield code="8">frelat</subfield>
    <subfield code="9">#</subfield>
    <subfield code="a">Thomas d&apos;Erfurt (12..-13..)</subfield>
    <subfield code="t">(De) modis significandi sive Grammatica speculativa</subfield>
  </datafield>
  <datafield tag="440" ind1=" " ind2=" ">
    <subfield code="7">ba0yba0y</subfield>
    <subfield code="8">frelat</subfield>
    <subfield code="9">#</subfield>
    <subfield code="a">Thomas d&apos;Erfurt (12..-13..)</subfield>
    <subfield code="t">(De) modis significandi</subfield>
  </datafield>
  <datafield tag="440" ind1=" " ind2=" ">
    <subfield code="7">ba0yba0y</subfield>
    <subfield code="8">frelat</subfield>
    <subfield code="9">#</subfield>
    <subfield code="a">Thomas d&apos;Erfurt (12..-13..)</subfield>
    <subfield code="t">Liber modorum significandi</subfield>
  </datafield>
  <datafield tag="440" ind1=" " ind2=" ">
    <subfield code="7">ba0yba0y</subfield>
    <subfield code="8">frelat</subfield>
    <subfield code="9">#</subfield>
    <subfield code="a">Thomas d&apos;Erfurt (12..-13..)</subfield>
    <subfield code="t">Tractatus de modis significandi</subfield>
  </datafield>
  <datafield tag="440" ind1=" " ind2=" ">
    <subfield code="7">ba0yba0y</subfield>
    <subfield code="8">frelat</subfield>
    <subfield code="9">#</subfield>
    <subfield code="a">Thomas d&apos;Erfurt (12..-13..)</subfield>
    <subfield code="t">Tractatus de modis significandi seu Grammatica speculativa</subfield>
  </datafield>
  <datafield tag="440" ind1=" " ind2=" ">
    <subfield code="7">ba0yba0y</subfield>
    <subfield code="8">freger</subfield>
    <subfield code="9">#</subfield>
    <subfield code="a">Thomas d&apos;Erfurt (12..-13..)</subfield>
    <subfield code="t">Abhandlung über die bedeutsamen Verhaltensweisen der Sprache</subfield>
  </datafield>
  <datafield tag="440" ind1=" " ind2=" ">
    <subfield code="7">ba0yba0y</subfield>
    <subfield code="8">freeng</subfield>
    <subfield code="9">#</subfield>
    <subfield code="a">Thomas d&apos;Erfurt (12..-13..)</subfield>
    <subfield code="t">On the modes of signifying</subfield>
  </datafield>
  <datafield tag="440" ind1=" " ind2=" ">
    <subfield code="7">ba0yba0y</subfield>
    <subfield code="8">frefre</subfield>
    <subfield code="9">#</subfield>
    <subfield code="a">Thomas d&apos;Erfurt (12..-13..)</subfield>
    <subfield code="t">Grammaire spéculative</subfield>
  </datafield>
  <datafield tag="500" ind1=" " ind2="1">
    <subfield code="0">Longtemps attribué à</subfield>
    <subfield code="3">026654989</subfield>
    <subfield code="7">ba0yba0y</subfield>
    <subfield code="a">Duns Scotus</subfield>
    <subfield code="b">Johannes</subfield>
    <subfield code="f">1265-1308</subfield>
  </datafield>
  <datafield tag="686" ind1=" " ind2=" ">
    <subfield code="a">401</subfield>
    <subfield code="c">Linguistique générale</subfield>
    <subfield code="2">Note de regroupement par domaine</subfield>
  </datafield>
  <datafield tag="801" ind1=" " ind2="0">
    <subfield code="a">FR</subfield>
    <subfield code="b">BnF</subfield>
    <subfield code="c">20030205</subfield>
  </datafield>
  <datafield tag="801" ind1=" " ind2="3">
    <subfield code="a">FR</subfield>
    <subfield code="b">Abes</subfield>
    <subfield code="c">20180125</subfield>
    <subfield code="g">AFNOR</subfield>
  </datafield>
  <datafield tag="810" ind1=" " ind2=" ">
    <subfield code="a">Encycl. universalis (sous : Thomas d&apos;Erfurt) : forme retenue - http://www.universalis-edu.com (2002-10-14)</subfield>
  </datafield>
  <datafield tag="810" ind1=" " ind2=" ">
    <subfield code="a">Biographisch-Bibliographisches Kirchenlexikon (sous : Thomas von Erfurt : Tractatus de modis significandi seu Grammatica speculativa</subfield>
  </datafield>
  <datafield tag="810" ind1=" " ind2=" ">
    <subfield code="a">Dict. des auteurs grecs et latins de l&apos;Antiquité et du Moyen âge (sous : Thomas d&apos;Erfurt) : Grammatica speculativa (sive De modis significandi)</subfield>
  </datafield>
  <datafield tag="810" ind1=" " ind2=" ">
    <subfield code="a">Dict. des philosophes / Denis Huisman, 1993 (sous : Thomas d&apos;Erfurt) : De modis significandi sive Grammatica speculativa</subfield>
  </datafield>
  <datafield tag="810" ind1=" " ind2=" ">
    <subfield code="a">Encyclopédie philosophique universelle. III, Les oeuvres philosophiques (sous : Thomas d&apos;Erfurt) : Grammaire spéculative</subfield>
  </datafield>
  <datafield tag="810" ind1=" " ind2=" ">
    <subfield code="a">BN Cat. gén. (sous : Duns Scot) : Liber modorum significandi</subfield>
  </datafield>
  <datafield tag="815" ind1=" " ind2=" ">
    <subfield code="a">DOC / V. Volpi, 1994</subfield>
  </datafield>
  <datafield tag="940" ind1=" " ind2=" ">
    <subfield code="a">Thomas d&apos;Erfurt (12..-13..). Grammatica speculativa</subfield>
  </datafield>
  <datafield tag="941" ind1=" " ind2=" ">
    <subfield code="a">Thomas d&apos;Erfurt (12..-13..). De modis significandi</subfield>
  </datafield>
  <datafield tag="941" ind1=" " ind2=" ">
    <subfield code="a">Thomas d&apos;Erfurt (12..-13..). De modis significandi sive Grammatica speculativa</subfield>
  </datafield>
  <datafield tag="941" ind1=" " ind2=" ">
    <subfield code="a">Thomas d&apos;Erfurt (12..-13..). Grammatica speculativa sive De modis significandi</subfield>
  </datafield>
  <datafield tag="941" ind1=" " ind2=" ">
    <subfield code="a">Thomas d&apos;Erfurt (12..-13..). (De) modis significandi sive Grammatica speculativa</subfield>
  </datafield>
  <datafield tag="941" ind1=" " ind2=" ">
    <subfield code="a">Thomas d&apos;Erfurt (12..-13..). (De) modis significandi</subfield>
  </datafield>
  <datafield tag="941" ind1=" " ind2=" ">
    <subfield code="a">Thomas d&apos;Erfurt (12..-13..). Liber modorum significandi</subfield>
  </datafield>
  <datafield tag="941" ind1=" " ind2=" ">
    <subfield code="a">Thomas d&apos;Erfurt (12..-13..). Tractatus de modis significandi</subfield>
  </datafield>
  <datafield tag="941" ind1=" " ind2=" ">
    <subfield code="a">Thomas d&apos;Erfurt (12..-13..). Tractatus de modis significandi seu Grammatica speculativa</subfield>
  </datafield>
  <datafield tag="941" ind1=" " ind2=" ">
    <subfield code="a">Thomas d&apos;Erfurt (12..-13..). Abhandlung über die bedeutsamen Verhaltensweisen der Sprache</subfield>
  </datafield>
  <datafield tag="941" ind1=" " ind2=" ">
    <subfield code="a">Thomas d&apos;Erfurt (12..-13..). On the modes of signifying</subfield>
  </datafield>
  <datafield tag="941" ind1=" " ind2=" ">
    <subfield code="a">Thomas d&apos;Erfurt (12..-13..). Grammaire spéculative</subfield>
  </datafield>
</record>