


<record>
  <leader>     cx  h22     3  45  </leader>
  <controlfield tag="001">134350871</controlfield>
  <controlfield tag="003">http://www.idref.fr/134350871</controlfield>
  <controlfield tag="004">20090619</controlfield>
  <controlfield tag="005">20101103142455.000</controlfield>
  <controlfield tag="006">751052105</controlfield>
  <controlfield tag="007">543952103</controlfield>
  <controlfield tag="008">Tq5</controlfield>
  <datafield tag="100" ind1=" " ind2=" ">
    <subfield code="a">20090619afrey50      ba0</subfield>
  </datafield>
  <datafield tag="106" ind1=" " ind2=" ">
    <subfield code="a">2</subfield>
    <subfield code="b">1</subfield>
    <subfield code="c">0</subfield>
  </datafield>
  <datafield tag="152" ind1=" " ind2=" ">
    <subfield code="a">AFNOR</subfield>
  </datafield>
  <datafield tag="240" ind1=" " ind2=" ">
    <subfield code="7">ba0yba0y</subfield>
    <subfield code="a">Shelley, Percy Bysshe (1792-1822)</subfield>
    <subfield code="t">The Triumph of Life</subfield>
  </datafield>
  <datafield tag="801" ind1=" " ind2="3">
    <subfield code="a">FR</subfield>
    <subfield code="b">Abes</subfield>
    <subfield code="c">20101103</subfield>
    <subfield code="g">AFNOR</subfield>
  </datafield>
  <datafield tag="940" ind1=" " ind2=" ">
    <subfield code="a">Shelley, Percy Bysshe (1792-1822). The Triumph of Life</subfield>
  </datafield>
</record>