


<record>
  <leader>     nx  h22     3  45  </leader>
  <controlfield tag="001">135574498</controlfield>
  <controlfield tag="003">http://www.idref.fr/135574498</controlfield>
  <controlfield tag="004">20090722</controlfield>
  <controlfield tag="005">20090722121804.000</controlfield>
  <controlfield tag="006">751025206</controlfield>
  <controlfield tag="007">751025206</controlfield>
  <controlfield tag="008">Tq5</controlfield>
  <datafield tag="100" ind1=" " ind2=" ">
    <subfield code="a">20090722afrey50      ba0</subfield>
  </datafield>
  <datafield tag="101" ind1=" " ind2=" ">
    <subfield code="a">ita</subfield>
  </datafield>
  <datafield tag="102" ind1=" " ind2=" ">
    <subfield code="a">IT</subfield>
  </datafield>
  <datafield tag="103" ind1=" " ind2=" ">
    <subfield code="a"> 1488     </subfield>
    <subfield code="b"> 1490     </subfield>
  </datafield>
  <datafield tag="106" ind1=" " ind2=" ">
    <subfield code="a">2</subfield>
    <subfield code="b">1</subfield>
    <subfield code="c">0</subfield>
  </datafield>
  <datafield tag="152" ind1=" " ind2=" ">
    <subfield code="a">AFNOR</subfield>
  </datafield>
  <datafield tag="240" ind1=" " ind2=" ">
    <subfield code="7">ba0yba0y</subfield>
    <subfield code="a">Léonard de Vinci (1452-1519)</subfield>
    <subfield code="t">Lady with an ermine</subfield>
  </datafield>
  <datafield tag="300" ind1=" " ind2=" ">
    <subfield code="7">ba0yba0y</subfield>
    <subfield code="a">Tableau peint entre 1488 et 1490. Oeuvre conservée à Cracovie, Czartoryski Muzeum</subfield>
  </datafield>
  <datafield tag="440" ind1=" " ind2=" ">
    <subfield code="7">ba0yba0y</subfield>
    <subfield code="a">Léonard de Vinci (1452-1519)</subfield>
    <subfield code="t">La Dame à l&apos;hermine</subfield>
  </datafield>
  <datafield tag="440" ind1=" " ind2=" ">
    <subfield code="7">ba0yba0y</subfield>
    <subfield code="a">Leonardo da Vinci (452-1519)</subfield>
    <subfield code="t">La Dame à l&apos;hermine</subfield>
  </datafield>
  <datafield tag="801" ind1=" " ind2="3">
    <subfield code="a">FR</subfield>
    <subfield code="b">Abes</subfield>
    <subfield code="c">20090722</subfield>
    <subfield code="g">AFNOR</subfield>
  </datafield>
  <datafield tag="810" ind1=" " ind2=" ">
    <subfield code="a">Leonardo da Vinci (1452-1519) : Lady with an ermine ; from the Czartoryski Collection, National Museum, Cracow / ed. by Jósef Grabski, Janusz Wałek. Vienna, 1991</subfield>
  </datafield>
  <datafield tag="940" ind1=" " ind2=" ">
    <subfield code="a">Léonard de Vinci (1452-1519). Lady with an ermine</subfield>
  </datafield>
  <datafield tag="941" ind1=" " ind2=" ">
    <subfield code="a">Léonard de Vinci (1452-1519). La Dame à l&apos;hermine</subfield>
  </datafield>
  <datafield tag="941" ind1=" " ind2=" ">
    <subfield code="a">Leonardo da Vinci (452-1519). La Dame à l&apos;hermine</subfield>
  </datafield>
</record>