


<record>
  <leader>     cx  h22     3  45  </leader>
  <controlfield tag="001">145651053</controlfield>
  <controlfield tag="003">http://www.idref.fr/145651053</controlfield>
  <controlfield tag="004">20100712</controlfield>
  <controlfield tag="005">20181221175340.000</controlfield>
  <controlfield tag="006">751065210</controlfield>
  <controlfield tag="007">751065210</controlfield>
  <controlfield tag="008">Tq5</controlfield>
  <datafield tag="033" ind1=" " ind2=" ">
    <subfield code="a">http://catalogue.bnf.fr/ark:/12148/cb12192446c</subfield>
    <subfield code="2">BNF</subfield>
    <subfield code="d">20150928</subfield>
  </datafield>
  <datafield tag="035" ind1=" " ind2=" ">
    <subfield code="a">FRBNF121924460</subfield>
    <subfield code="z">FRBNF12192446</subfield>
  </datafield>
  <datafield tag="035" ind1=" " ind2=" ">
    <subfield code="a">frBN006632042</subfield>
  </datafield>
  <datafield tag="100" ind1=" " ind2=" ">
    <subfield code="a">20100712afrey50      ba0</subfield>
  </datafield>
  <datafield tag="101" ind1=" " ind2=" ">
    <subfield code="a">fre</subfield>
  </datafield>
  <datafield tag="102" ind1=" " ind2=" ">
    <subfield code="a">XX</subfield>
  </datafield>
  <datafield tag="103" ind1=" " ind2=" ">
    <subfield code="a"> 1694     </subfield>
  </datafield>
  <datafield tag="106" ind1=" " ind2=" ">
    <subfield code="a">2</subfield>
    <subfield code="b">1</subfield>
    <subfield code="c">0</subfield>
  </datafield>
  <datafield tag="128" ind1=" " ind2=" ">
    <subfield code="a">op</subfield>
    <subfield code="b">ca01</subfield>
    <subfield code="b">oz01</subfield>
    <subfield code="c">va12</subfield>
    <subfield code="c">vg06</subfield>
    <subfield code="c">vd01</subfield>
  </datafield>
  <datafield tag="152" ind1=" " ind2=" ">
    <subfield code="a">AFNOR</subfield>
  </datafield>
  <datafield tag="240" ind1=" " ind2=" ">
    <subfield code="7">ba0yba0y</subfield>
    <subfield code="8">frefre</subfield>
    <subfield code="9">0</subfield>
    <subfield code="a">Jacquet de La Guerre, Élisabeth (1665-1729)</subfield>
    <subfield code="t">Céphale et Procris</subfield>
  </datafield>
  <datafield tag="300" ind1=" " ind2=" ">
    <subfield code="7">ba0yba0y</subfield>
    <subfield code="a">Tragédie lyrique en 1 prologue et 5 actes. - 1re représentation : Paris, Académie royale de musique, 15 mars 1694</subfield>
  </datafield>
  <datafield tag="300" ind1=" " ind2=" ">
    <subfield code="7">ba0yba0y</subfield>
    <subfield code="a">deux Athéniennes, l&apos;Aurore, une bergère, Dorine, Flore, Iphis, deux nymphes, la prêtresse de Minerve, Procris, une suivante de la Volupté (sopranos). Céphale, un dieu de la mer, Nérée, un pâtre, la Rage, un Thrace (haute-contres). la Jalousie (ténor). Arcas, Borée, le Désespoir, Pan, le Roi (basses)</subfield>
  </datafield>
  <datafield tag="500" ind1=" " ind2="1">
    <subfield code="7">ba0yba0y</subfield>
    <subfield code="a">Duché de Vancy</subfield>
    <subfield code="b">Joseph-François</subfield>
    <subfield code="f">1668-1704</subfield>
  </datafield>
  <datafield tag="686" ind1=" " ind2=" ">
    <subfield code="a">780</subfield>
    <subfield code="c">Musique</subfield>
    <subfield code="2">Note de regroupement par domaine</subfield>
  </datafield>
  <datafield tag="801" ind1=" " ind2="0">
    <subfield code="a">FR</subfield>
    <subfield code="b">BnF</subfield>
    <subfield code="c">20091012</subfield>
  </datafield>
  <datafield tag="801" ind1=" " ind2="3">
    <subfield code="a">FR</subfield>
    <subfield code="b">Abes</subfield>
    <subfield code="c">20181221</subfield>
    <subfield code="g">AFNOR</subfield>
  </datafield>
  <datafield tag="810" ind1=" " ind2=" ">
    <subfield code="a">Grove 7</subfield>
  </datafield>
  <datafield tag="810" ind1=" " ind2=" ">
    <subfield code="a">Cephale et Procris [Musique imprimée] / Elisabeth-Claude Jacquet de La Guerre ; ed. by Wanda R. Griffiths, cop. 1998</subfield>
  </datafield>
  <datafield tag="940" ind1=" " ind2=" ">
    <subfield code="a">Jacquet de La Guerre, Élisabeth (1665-1729). Céphale et Procris</subfield>
  </datafield>
</record>