


<record>
  <leader>     cx  h22     3  45  </leader>
  <controlfield tag="001">148757383</controlfield>
  <controlfield tag="003">http://www.idref.fr/148757383</controlfield>
  <controlfield tag="004">20101223</controlfield>
  <controlfield tag="005">20121010144442.000</controlfield>
  <controlfield tag="006">751052116</controlfield>
  <controlfield tag="007">751025206</controlfield>
  <controlfield tag="008">Tq5</controlfield>
  <datafield tag="100" ind1=" " ind2=" ">
    <subfield code="a">20101223afrey50      ba0</subfield>
  </datafield>
  <datafield tag="101" ind1=" " ind2=" ">
    <subfield code="a">ita</subfield>
  </datafield>
  <datafield tag="102" ind1=" " ind2=" ">
    <subfield code="a">IT</subfield>
  </datafield>
  <datafield tag="103" ind1=" " ind2=" ">
    <subfield code="a"> 1510    ?</subfield>
  </datafield>
  <datafield tag="106" ind1=" " ind2=" ">
    <subfield code="a">2</subfield>
    <subfield code="b">1</subfield>
    <subfield code="c">0</subfield>
  </datafield>
  <datafield tag="152" ind1=" " ind2=" ">
    <subfield code="a">AFNOR</subfield>
  </datafield>
  <datafield tag="240" ind1=" " ind2=" ">
    <subfield code="7">ba0yba0y</subfield>
    <subfield code="8">frefre</subfield>
    <subfield code="9">0</subfield>
    <subfield code="a">Léonard de Vinci (1452-1519)</subfield>
    <subfield code="t">Saint Jean-Baptiste</subfield>
  </datafield>
  <datafield tag="300" ind1=" " ind2=" ">
    <subfield code="7">ba0yba0y</subfield>
    <subfield code="a">Tableau exécuté dans les années 1510. Conservé au Musée du Louvre, Paris</subfield>
  </datafield>
  <datafield tag="740" ind1=" " ind2=" ">
    <subfield code="7">ba0yba0y</subfield>
    <subfield code="8">freeng</subfield>
    <subfield code="9">0</subfield>
    <subfield code="a">Léonard de Vinci (1452-1519)</subfield>
    <subfield code="t">St. John the Baptist</subfield>
  </datafield>
  <datafield tag="740" ind1=" " ind2=" ">
    <subfield code="7">ba0yba0y</subfield>
    <subfield code="8">freita</subfield>
    <subfield code="9">0</subfield>
    <subfield code="a">Léonard de Vinci (1452-1519)</subfield>
    <subfield code="t">San Giovanni Battista</subfield>
  </datafield>
  <datafield tag="801" ind1=" " ind2="3">
    <subfield code="a">FR</subfield>
    <subfield code="b">Abes</subfield>
    <subfield code="c">20121010</subfield>
    <subfield code="g">AFNOR</subfield>
  </datafield>
  <datafield tag="810" ind1=" " ind2=" ">
    <subfield code="a">Leonardo a Milano: San Giovanni Battista : [mostra, Milano, Palazzo Marino, Sala Alessi, 27 novembre-27 dicembre 2009] / a cura di Valeria Merlini e Daniela Storti</subfield>
  </datafield>
  <datafield tag="940" ind1=" " ind2=" ">
    <subfield code="a">Léonard de Vinci (1452-1519). Saint Jean-Baptiste</subfield>
  </datafield>
  <datafield tag="942" ind1=" " ind2=" ">
    <subfield code="a">Léonard de Vinci (1452-1519). St. John the Baptist</subfield>
  </datafield>
  <datafield tag="942" ind1=" " ind2=" ">
    <subfield code="a">Léonard de Vinci (1452-1519). San Giovanni Battista</subfield>
  </datafield>
</record>