


<record>
  <leader>     cx  f22     3  45  </leader>
  <controlfield tag="001">156043947</controlfield>
  <controlfield tag="003">http://www.idref.fr/156043947</controlfield>
  <controlfield tag="004">20111104</controlfield>
  <controlfield tag="005">20170303130514.000</controlfield>
  <controlfield tag="006">912282101</controlfield>
  <controlfield tag="007">751052102</controlfield>
  <controlfield tag="008">Tu5</controlfield>
  <datafield tag="100" ind1=" " ind2=" ">
    <subfield code="a">20111104afrey50      ba0</subfield>
  </datafield>
  <datafield tag="101" ind1=" " ind2=" ">
    <subfield code="a">eng</subfield>
  </datafield>
  <datafield tag="102" ind1=" " ind2=" ">
    <subfield code="a">US</subfield>
  </datafield>
  <datafield tag="103" ind1=" " ind2=" ">
    <subfield code="a"> 1941     </subfield>
    <subfield code="b"> 1941     </subfield>
  </datafield>
  <datafield tag="106" ind1=" " ind2=" ">
    <subfield code="a">0</subfield>
    <subfield code="b">1</subfield>
    <subfield code="c">0</subfield>
  </datafield>
  <datafield tag="152" ind1=" " ind2=" ">
    <subfield code="a">AFNOR</subfield>
  </datafield>
  <datafield tag="230" ind1=" " ind2=" ">
    <subfield code="7">ba0yba0y</subfield>
    <subfield code="8">frefre</subfield>
    <subfield code="9">0</subfield>
    <subfield code="a">La Ricotta</subfield>
    <subfield code="n">film</subfield>
  </datafield>
  <datafield tag="300" ind1=" " ind2=" ">
    <subfield code="7">ba0yba0y</subfield>
    <subfield code="a">Court-métrage. Sketch du film collectif Ro.Go.Pa.G.</subfield>
  </datafield>
  <datafield tag="300" ind1=" " ind2=" ">
    <subfield code="7">ba0yba0y</subfield>
    <subfield code="a">Date de réalisation : 1963</subfield>
  </datafield>
  <datafield tag="300" ind1=" " ind2=" ">
    <subfield code="7">ba0yba0y</subfield>
    <subfield code="a">Réalisateur : Pier Paolo Pasolini</subfield>
  </datafield>
  <datafield tag="440" ind1=" " ind2=" ">
    <subfield code="7">ba0yba0y</subfield>
    <subfield code="9">#</subfield>
    <subfield code="a"> Pasolini, Pier Paolo(1922-1975)</subfield>
    <subfield code="t">La Ricotta</subfield>
  </datafield>
  <datafield tag="500" ind1=" " ind2="1">
    <subfield code="0">Réalisé par</subfield>
    <subfield code="3">027059456</subfield>
    <subfield code="7">ba0yba0y</subfield>
    <subfield code="a">Pasolini</subfield>
    <subfield code="b">Pier Paolo</subfield>
    <subfield code="f">1922-1975</subfield>
  </datafield>
  <datafield tag="801" ind1=" " ind2="3">
    <subfield code="a">FR</subfield>
    <subfield code="b">Abes</subfield>
    <subfield code="c">20170303</subfield>
    <subfield code="g">AFNOR</subfield>
  </datafield>
  <datafield tag="810" ind1=" " ind2=" ">
    <subfield code="a">La Ricotta : Pier Paolo Pasolini / Xavier Vert.- Aleas, 2011.-(Le vif du sujet)</subfield>
  </datafield>
  <datafield tag="930" ind1=" " ind2=" ">
    <subfield code="a">La Ricotta (film)</subfield>
  </datafield>
  <datafield tag="941" ind1=" " ind2=" ">
    <subfield code="a"> Pasolini, Pier Paolo(1922-1975). La Ricotta</subfield>
  </datafield>
</record>