


<record>
  <leader>     nx  h22     3  45  </leader>
  <controlfield tag="001">168644401</controlfield>
  <controlfield tag="003">http://www.idref.fr/168644401</controlfield>
  <controlfield tag="004">20130410</controlfield>
  <controlfield tag="005">20130410130934.000</controlfield>
  <controlfield tag="006">751052204</controlfield>
  <controlfield tag="007">751052204</controlfield>
  <controlfield tag="008">Tq5</controlfield>
  <datafield tag="100" ind1=" " ind2=" ">
    <subfield code="a">20130410afrey50      ba0</subfield>
  </datafield>
  <datafield tag="101" ind1=" " ind2=" ">
    <subfield code="a">spa</subfield>
  </datafield>
  <datafield tag="102" ind1=" " ind2=" ">
    <subfield code="a">ES</subfield>
  </datafield>
  <datafield tag="103" ind1=" " ind2=" ">
    <subfield code="a"> 1935     </subfield>
  </datafield>
  <datafield tag="106" ind1=" " ind2=" ">
    <subfield code="a">0</subfield>
    <subfield code="b">1</subfield>
    <subfield code="c">0</subfield>
  </datafield>
  <datafield tag="152" ind1=" " ind2=" ">
    <subfield code="a">AFNOR</subfield>
  </datafield>
  <datafield tag="240" ind1=" " ind2=" ">
    <subfield code="7">ba0yba0y</subfield>
    <subfield code="8">frespa</subfield>
    <subfield code="9">0</subfield>
    <subfield code="a">García Lorca, Federico (1898-1936)</subfield>
    <subfield code="t">Doña Rosita la soltera</subfield>
  </datafield>
  <datafield tag="300" ind1=" " ind2=" ">
    <subfield code="7">ba0yba0y</subfield>
    <subfield code="a">Tragédie publiée pour la première fois en 1935</subfield>
  </datafield>
  <datafield tag="440" ind1=" " ind2=" ">
    <subfield code="7">ba0yba0y</subfield>
    <subfield code="8">frespa</subfield>
    <subfield code="9">1</subfield>
    <subfield code="a">García Lorca, Federico (1898-1936)</subfield>
    <subfield code="t">Doña Rosita la soltera o el lenguaje de las flores</subfield>
  </datafield>
  <datafield tag="801" ind1=" " ind2="3">
    <subfield code="a">FR</subfield>
    <subfield code="b">Abes</subfield>
    <subfield code="c">20130410</subfield>
    <subfield code="g">AFNOR</subfield>
  </datafield>
  <datafield tag="810" ind1=" " ind2=" ">
    <subfield code="a">Análisis de Doña Rosita la soltera o el lenguaje de las flores, de Federico García Lorca [Texte imprimé] : tragedia sin sangre / José Martín Recuerda. - Salamanca : Ed. Universidad, 1979</subfield>
  </datafield>
  <datafield tag="940" ind1=" " ind2=" ">
    <subfield code="a">García Lorca, Federico (1898-1936). Doña Rosita la soltera</subfield>
  </datafield>
  <datafield tag="941" ind1=" " ind2=" ">
    <subfield code="a">García Lorca, Federico (1898-1936). Doña Rosita la soltera o el lenguaje de las flores</subfield>
  </datafield>
</record>