


<record>
  <leader>     nx  h22     3  45  </leader>
  <controlfield tag="001">170007111</controlfield>
  <controlfield tag="003">http://www.idref.fr/170007111</controlfield>
  <controlfield tag="004">20130617</controlfield>
  <controlfield tag="005">20130617171623.000</controlfield>
  <controlfield tag="006">751052105</controlfield>
  <controlfield tag="007">751052105</controlfield>
  <controlfield tag="008">Tq5</controlfield>
  <datafield tag="100" ind1=" " ind2=" ">
    <subfield code="a">20130617afrey50      ba0</subfield>
  </datafield>
  <datafield tag="106" ind1=" " ind2=" ">
    <subfield code="a">0</subfield>
    <subfield code="b">1</subfield>
    <subfield code="c">0</subfield>
  </datafield>
  <datafield tag="152" ind1=" " ind2=" ">
    <subfield code="a">AFNOR</subfield>
  </datafield>
  <datafield tag="240" ind1=" " ind2=" ">
    <subfield code="7">ba0yba0y</subfield>
    <subfield code="a">Bacon, Francis (1561-1626)</subfield>
    <subfield code="t">Essays</subfield>
  </datafield>
  <datafield tag="440" ind1=" " ind2=" ">
    <subfield code="7">ba0yba0y</subfield>
    <subfield code="a">Bacon, Francis (1561-1626)</subfield>
    <subfield code="t">Essais</subfield>
  </datafield>
  <datafield tag="801" ind1=" " ind2="3">
    <subfield code="a">FR</subfield>
    <subfield code="b">Abes</subfield>
    <subfield code="c">20130617</subfield>
    <subfield code="g">AFNOR</subfield>
  </datafield>
  <datafield tag="810" ind1=" " ind2=" ">
    <subfield code="a">Oeuvres Philosophiques, 2013-06-17</subfield>
  </datafield>
  <datafield tag="940" ind1=" " ind2=" ">
    <subfield code="a">Bacon, Francis (1561-1626). Essays</subfield>
  </datafield>
  <datafield tag="941" ind1=" " ind2=" ">
    <subfield code="a">Bacon, Francis (1561-1626). Essais</subfield>
  </datafield>
</record>