


<record>
  <leader>     cx  f22     3  45  </leader>
  <controlfield tag="001">178117188</controlfield>
  <controlfield tag="003">http://www.idref.fr/178117188</controlfield>
  <controlfield tag="004">20140506</controlfield>
  <controlfield tag="005">20150619105905.000</controlfield>
  <controlfield tag="006">674822118</controlfield>
  <controlfield tag="007">751052219</controlfield>
  <controlfield tag="008">Tu5</controlfield>
  <datafield tag="033" ind1=" " ind2=" ">
    <subfield code="a">http://catalogue.bnf.fr/ark:/12148/cb16219767x</subfield>
  </datafield>
  <datafield tag="035" ind1=" " ind2=" ">
    <subfield code="a">FRBNF16219767X</subfield>
    <subfield code="z">FRBNF16219767</subfield>
  </datafield>
  <datafield tag="100" ind1=" " ind2=" ">
    <subfield code="a">20140506afrey50      ba0</subfield>
  </datafield>
  <datafield tag="101" ind1=" " ind2=" ">
    <subfield code="a">ita</subfield>
  </datafield>
  <datafield tag="102" ind1=" " ind2=" ">
    <subfield code="a">IT</subfield>
  </datafield>
  <datafield tag="103" ind1=" " ind2=" ">
    <subfield code="a"> 1963     </subfield>
  </datafield>
  <datafield tag="106" ind1=" " ind2=" ">
    <subfield code="a">0</subfield>
    <subfield code="b">1</subfield>
    <subfield code="c">0</subfield>
  </datafield>
  <datafield tag="152" ind1=" " ind2=" ">
    <subfield code="a">AFNOR</subfield>
  </datafield>
  <datafield tag="230" ind1=" " ind2=" ">
    <subfield code="7">ba0yba0y</subfield>
    <subfield code="8">freita</subfield>
    <subfield code="9">0</subfield>
    <subfield code="a">La rabbia</subfield>
    <subfield code="n">primera parte</subfield>
    <subfield code="n">film</subfield>
  </datafield>
  <datafield tag="300" ind1=" " ind2=" ">
    <subfield code="7">ba0yba0y</subfield>
    <subfield code="a">Long métrage. - Fiction. - Première partie d&apos;un film dont la seconde a été réalisée par Giovanni Guareschi</subfield>
  </datafield>
  <datafield tag="430" ind1=" " ind2=" ">
    <subfield code="7">ba0yba0y</subfield>
    <subfield code="8">frefre</subfield>
    <subfield code="9">#</subfield>
    <subfield code="a">La rage</subfield>
    <subfield code="n">première partie</subfield>
    <subfield code="n">film</subfield>
  </datafield>
  <datafield tag="440" ind1=" " ind2=" ">
    <subfield code="7">ba0yba0y</subfield>
    <subfield code="9">#</subfield>
    <subfield code="a">Pasolini, Pier Paolo (1922-1975)</subfield>
    <subfield code="t">La rabbia</subfield>
  </datafield>
  <datafield tag="440" ind1=" " ind2=" ">
    <subfield code="7">ba0yba0y</subfield>
    <subfield code="9">#</subfield>
    <subfield code="a">Pasolini, Pier Paolo (1922-1975)</subfield>
    <subfield code="t">La rage</subfield>
  </datafield>
  <datafield tag="500" ind1=" " ind2="1">
    <subfield code="5">z|xxx</subfield>
    <subfield code="7">ba0yba0y</subfield>
    <subfield code="a">Pasolini</subfield>
    <subfield code="b">Pier Paolo</subfield>
    <subfield code="f">1922-1975</subfield>
  </datafield>
  <datafield tag="500" ind1=" " ind2="1">
    <subfield code="0">Réalisé par</subfield>
    <subfield code="3">027059456</subfield>
    <subfield code="5">z|xxx</subfield>
    <subfield code="7">ba0yba0y</subfield>
    <subfield code="a">Pasolini</subfield>
    <subfield code="b">Pier Paolo</subfield>
    <subfield code="f">1922-1975</subfield>
  </datafield>
  <datafield tag="686" ind1=" " ind2=" ">
    <subfield code="a">791</subfield>
    <subfield code="c">Audiovisuel</subfield>
    <subfield code="2">Note de regroupement par domaine</subfield>
  </datafield>
  <datafield tag="801" ind1=" " ind2="0">
    <subfield code="a">FR</subfield>
    <subfield code="b">FR-751131015</subfield>
    <subfield code="c">20130425</subfield>
  </datafield>
  <datafield tag="801" ind1=" " ind2="3">
    <subfield code="a">FR</subfield>
    <subfield code="b">Abes</subfield>
    <subfield code="c">20150619</subfield>
    <subfield code="g">AFNOR</subfield>
  </datafield>
  <datafield tag="810" ind1=" " ind2=" ">
    <subfield code="a">Ciné-ressources : catalogue collectif des bibliothèques et archives de cinéma - http://www.cineressources.net (2013-04-19)</subfield>
  </datafield>
  <datafield tag="810" ind1=" " ind2=" ">
    <subfield code="a">La rabbia / Pier Paolo Pasolini ; a cura di Roberto Chiesi, 2009</subfield>
  </datafield>
  <datafield tag="930" ind1=" " ind2=" ">
    <subfield code="a">La rabbia (primera parte ; film)</subfield>
  </datafield>
  <datafield tag="931" ind1=" " ind2=" ">
    <subfield code="a">La rage (première partie ; film)</subfield>
  </datafield>
  <datafield tag="941" ind1=" " ind2=" ">
    <subfield code="a">Pasolini, Pier Paolo (1922-1975). La rabbia</subfield>
  </datafield>
  <datafield tag="941" ind1=" " ind2=" ">
    <subfield code="a">Pasolini, Pier Paolo (1922-1975). La rage</subfield>
  </datafield>
</record>