


<record>
  <leader>     cx  f22     3  45  </leader>
  <controlfield tag="001">178362247</controlfield>
  <controlfield tag="003">http://www.idref.fr/178362247</controlfield>
  <controlfield tag="004">20140520</controlfield>
  <controlfield tag="005">20150617151201.000</controlfield>
  <controlfield tag="006">751052219</controlfield>
  <controlfield tag="007">751052219</controlfield>
  <controlfield tag="008">Tu5</controlfield>
  <datafield tag="100" ind1=" " ind2=" ">
    <subfield code="a">20140520afrey50      ba0</subfield>
  </datafield>
  <datafield tag="101" ind1=" " ind2=" ">
    <subfield code="a">fre</subfield>
  </datafield>
  <datafield tag="102" ind1=" " ind2=" ">
    <subfield code="a">SN</subfield>
  </datafield>
  <datafield tag="103" ind1=" " ind2=" ">
    <subfield code="a"> 1992     </subfield>
  </datafield>
  <datafield tag="106" ind1=" " ind2=" ">
    <subfield code="a">0</subfield>
    <subfield code="b">1</subfield>
    <subfield code="c">0</subfield>
  </datafield>
  <datafield tag="152" ind1=" " ind2=" ">
    <subfield code="a">AFNOR</subfield>
  </datafield>
  <datafield tag="230" ind1=" " ind2=" ">
    <subfield code="7">ba0yba0y</subfield>
    <subfield code="a">Guelwaar</subfield>
    <subfield code="n">film</subfield>
  </datafield>
  <datafield tag="300" ind1=" " ind2=" ">
    <subfield code="7">ba0yba0y</subfield>
    <subfield code="a">Date de réalisation : 1992</subfield>
  </datafield>
  <datafield tag="300" ind1=" " ind2=" ">
    <subfield code="7">ba0yba0y</subfield>
    <subfield code="a">Réalisateur : Ousmane Sembène</subfield>
  </datafield>
  <datafield tag="440" ind1=" " ind2=" ">
    <subfield code="7">ba0yba0y</subfield>
    <subfield code="a">Sembène, Ousmane (1923-2007)</subfield>
    <subfield code="t">Guelwaar</subfield>
  </datafield>
  <datafield tag="500" ind1=" " ind2="1">
    <subfield code="0">Réalisé par</subfield>
    <subfield code="3">027385116</subfield>
    <subfield code="5">z|xxx</subfield>
    <subfield code="7">ba0yba0y</subfield>
    <subfield code="a">Sembène</subfield>
    <subfield code="b">Ousmane</subfield>
    <subfield code="f">1923-2007</subfield>
  </datafield>
  <datafield tag="801" ind1=" " ind2="3">
    <subfield code="a">FR</subfield>
    <subfield code="b">Abes</subfield>
    <subfield code="c">20150617</subfield>
    <subfield code="g">AFNOR</subfield>
  </datafield>
  <datafield tag="810" ind1=" " ind2=" ">
    <subfield code="a">Dictionnaire mondial du cinéma / Carine Girac-Marinier, 2011</subfield>
  </datafield>
  <datafield tag="930" ind1=" " ind2=" ">
    <subfield code="a">Guelwaar (film)</subfield>
  </datafield>
  <datafield tag="941" ind1=" " ind2=" ">
    <subfield code="a">Sembène, Ousmane (1923-2007). Guelwaar</subfield>
  </datafield>
</record>