


<record>
  <leader>     cx  f22     3  45  </leader>
  <controlfield tag="001">180646656</controlfield>
  <controlfield tag="003">http://www.idref.fr/180646656</controlfield>
  <controlfield tag="004">20140918</controlfield>
  <controlfield tag="005">20150116161125.000</controlfield>
  <controlfield tag="006">751052219</controlfield>
  <controlfield tag="007">751052219</controlfield>
  <controlfield tag="008">Tu5</controlfield>
  <datafield tag="100" ind1=" " ind2=" ">
    <subfield code="a">20140918afrey50      ba0</subfield>
  </datafield>
  <datafield tag="101" ind1=" " ind2=" ">
    <subfield code="a">fre</subfield>
  </datafield>
  <datafield tag="102" ind1=" " ind2=" ">
    <subfield code="a">FR</subfield>
  </datafield>
  <datafield tag="103" ind1=" " ind2=" ">
    <subfield code="a"> 1952     </subfield>
  </datafield>
  <datafield tag="106" ind1=" " ind2=" ">
    <subfield code="a">0</subfield>
    <subfield code="b">1</subfield>
    <subfield code="c">0</subfield>
  </datafield>
  <datafield tag="152" ind1=" " ind2=" ">
    <subfield code="a">AFNOR</subfield>
  </datafield>
  <datafield tag="230" ind1=" " ind2=" ">
    <subfield code="7">ba0yba0y</subfield>
    <subfield code="a">Manon des sources</subfield>
    <subfield code="n">film, 1952</subfield>
  </datafield>
  <datafield tag="300" ind1=" " ind2=" ">
    <subfield code="7">ba0yba0y</subfield>
    <subfield code="a">Date de réalisation : 1952</subfield>
  </datafield>
  <datafield tag="300" ind1=" " ind2=" ">
    <subfield code="7">ba0yba0y</subfield>
    <subfield code="a">Réalisateur : Marcel Pagnol</subfield>
  </datafield>
  <datafield tag="440" ind1=" " ind2=" ">
    <subfield code="7">ba0yba0y</subfield>
    <subfield code="a">Pagnol, Marcel (1895-1974)</subfield>
    <subfield code="t">Manon des sources</subfield>
  </datafield>
  <datafield tag="500" ind1=" " ind2="1">
    <subfield code="0">Réalisé par</subfield>
    <subfield code="3">027055752</subfield>
    <subfield code="5">z|xxx</subfield>
    <subfield code="7">ba0yba0y</subfield>
    <subfield code="a">Pagnol</subfield>
    <subfield code="b">Marcel</subfield>
    <subfield code="f">1895-1974</subfield>
  </datafield>
  <datafield tag="801" ind1=" " ind2="3">
    <subfield code="a">FR</subfield>
    <subfield code="b">Abes</subfield>
    <subfield code="c">20150116</subfield>
    <subfield code="g">AFNOR</subfield>
  </datafield>
  <datafield tag="810" ind1=" " ind2=" ">
    <subfield code="a">Dictionnaire mondial du cinéma / Carine Girac-Marinier, 2011</subfield>
  </datafield>
  <datafield tag="810" ind1=" " ind2=" ">
    <subfield code="a">Contribution à une étude des représentations de la surdi-mutité dans la littérature et au cinéma / Stéphanie Chayla, 1999</subfield>
  </datafield>
  <datafield tag="930" ind1=" " ind2=" ">
    <subfield code="a">Manon des sources (film, 1952)</subfield>
  </datafield>
  <datafield tag="941" ind1=" " ind2=" ">
    <subfield code="a">Pagnol, Marcel (1895-1974). Manon des sources</subfield>
  </datafield>
</record>