


<record>
  <leader>     cx  f22     3  45  </leader>
  <controlfield tag="001">181384868</controlfield>
  <controlfield tag="003">http://www.idref.fr/181384868</controlfield>
  <controlfield tag="004">20141024</controlfield>
  <controlfield tag="005">20150113104847.000</controlfield>
  <controlfield tag="006">751052219</controlfield>
  <controlfield tag="007">751052219</controlfield>
  <controlfield tag="008">Tu5</controlfield>
  <datafield tag="100" ind1=" " ind2=" ">
    <subfield code="a">20141024afrey50      ba0</subfield>
  </datafield>
  <datafield tag="101" ind1=" " ind2=" ">
    <subfield code="a">fre</subfield>
  </datafield>
  <datafield tag="102" ind1=" " ind2=" ">
    <subfield code="a">FR</subfield>
  </datafield>
  <datafield tag="103" ind1=" " ind2=" ">
    <subfield code="a"> 1976     </subfield>
    <subfield code="b"> 1979     </subfield>
  </datafield>
  <datafield tag="106" ind1=" " ind2=" ">
    <subfield code="a">0</subfield>
    <subfield code="b">1</subfield>
    <subfield code="c">0</subfield>
  </datafield>
  <datafield tag="152" ind1=" " ind2=" ">
    <subfield code="a">AFNOR</subfield>
  </datafield>
  <datafield tag="230" ind1=" " ind2=" ">
    <subfield code="7">ba0yba0y</subfield>
    <subfield code="a">Récits d&apos;Ellis Island, histoires d&apos;errance et d&apos;espoir</subfield>
    <subfield code="n">film</subfield>
  </datafield>
  <datafield tag="300" ind1=" " ind2=" ">
    <subfield code="7">ba0yba0y</subfield>
    <subfield code="a">Date de réalisation : 1976-1979</subfield>
  </datafield>
  <datafield tag="300" ind1=" " ind2=" ">
    <subfield code="7">ba0yba0y</subfield>
    <subfield code="a">Réalisateurs : Robert Bober et Georges Perec</subfield>
  </datafield>
  <datafield tag="300" ind1=" " ind2=" ">
    <subfield code="7">ba0yba0y</subfield>
    <subfield code="a">Documentaire en deux parties. La première partie, &quot;Traces&quot;, évoque l&apos;arrivée des émigrés de 1892 à 1924 au camp de transit d&apos;Ellis Island. La seconde partie, &quot;Mémoire&quot;, est un témoignage, filmé à New York, sur les émigrants juifs et italiens entrés aux Etats-Unis par Ellis Island.</subfield>
  </datafield>
  <datafield tag="440" ind1=" " ind2=" ">
    <subfield code="7">ba0yba0y</subfield>
    <subfield code="a">Bober, Robert (1931-...)</subfield>
    <subfield code="t">Récits d&apos;Ellis Island, histoires d&apos;errance et d&apos;espoir</subfield>
  </datafield>
  <datafield tag="440" ind1=" " ind2=" ">
    <subfield code="7">ba0yba0y</subfield>
    <subfield code="a">Perec, Georges (1936-1982)</subfield>
    <subfield code="t">Récits d&apos;Ellis Island, histoires d&apos;errance et d&apos;espoir</subfield>
  </datafield>
  <datafield tag="500" ind1=" " ind2="1">
    <subfield code="0">Réalisé par</subfield>
    <subfield code="3">02673401X</subfield>
    <subfield code="5">z|xxx</subfield>
    <subfield code="7">ba0yba0y</subfield>
    <subfield code="a">Bober</subfield>
    <subfield code="b">Robert</subfield>
    <subfield code="f">1931-....</subfield>
  </datafield>
  <datafield tag="500" ind1=" " ind2="1">
    <subfield code="0">Réalisé par</subfield>
    <subfield code="3">027064581</subfield>
    <subfield code="5">z|xxx</subfield>
    <subfield code="7">ba0yba0y</subfield>
    <subfield code="a">Perec</subfield>
    <subfield code="b">Georges</subfield>
    <subfield code="f">1936-1982</subfield>
  </datafield>
  <datafield tag="801" ind1=" " ind2="3">
    <subfield code="a">FR</subfield>
    <subfield code="b">Abes</subfield>
    <subfield code="c">20150113</subfield>
    <subfield code="g">AFNOR</subfield>
  </datafield>
  <datafield tag="810" ind1=" " ind2=" ">
    <subfield code="a">Le voyage au cinéma : une esthétique de la mémoire / Mathilde Delaunay, 2010</subfield>
  </datafield>
  <datafield tag="930" ind1=" " ind2=" ">
    <subfield code="a">Récits d&apos;Ellis Island, histoires d&apos;errance et d&apos;espoir (film)</subfield>
  </datafield>
  <datafield tag="941" ind1=" " ind2=" ">
    <subfield code="a">Bober, Robert (1931-...). Récits d&apos;Ellis Island, histoires d&apos;errance et d&apos;espoir</subfield>
  </datafield>
  <datafield tag="941" ind1=" " ind2=" ">
    <subfield code="a">Perec, Georges (1936-1982). Récits d&apos;Ellis Island, histoires d&apos;errance et d&apos;espoir</subfield>
  </datafield>
</record>