


<record>
  <leader>     nx  f22     3  45  </leader>
  <controlfield tag="001">182873013</controlfield>
  <controlfield tag="003">http://www.idref.fr/182873013</controlfield>
  <controlfield tag="004">20150110</controlfield>
  <controlfield tag="005">20150110170100.000</controlfield>
  <controlfield tag="006">751052102</controlfield>
  <controlfield tag="007">751052102</controlfield>
  <controlfield tag="008">Tu5</controlfield>
  <datafield tag="100" ind1=" " ind2=" ">
    <subfield code="a">20150110afrey50      ba0</subfield>
  </datafield>
  <datafield tag="101" ind1=" " ind2=" ">
    <subfield code="a">eng</subfield>
  </datafield>
  <datafield tag="102" ind1=" " ind2=" ">
    <subfield code="a">US</subfield>
  </datafield>
  <datafield tag="103" ind1=" " ind2=" ">
    <subfield code="a"> 1997     </subfield>
    <subfield code="b"> 1997     </subfield>
  </datafield>
  <datafield tag="106" ind1=" " ind2=" ">
    <subfield code="a">2</subfield>
    <subfield code="b">1</subfield>
    <subfield code="c">0</subfield>
  </datafield>
  <datafield tag="152" ind1=" " ind2=" ">
    <subfield code="a">AFNOR</subfield>
  </datafield>
  <datafield tag="230" ind1=" " ind2=" ">
    <subfield code="7">ba0yba0y</subfield>
    <subfield code="8">freeng</subfield>
    <subfield code="9">0</subfield>
    <subfield code="a">The spanish prisoner</subfield>
    <subfield code="n">film</subfield>
  </datafield>
  <datafield tag="300" ind1=" " ind2=" ">
    <subfield code="7">ba0yba0y</subfield>
    <subfield code="a">Fiction long métrage</subfield>
  </datafield>
  <datafield tag="300" ind1=" " ind2=" ">
    <subfield code="7">ba0yba0y</subfield>
    <subfield code="a">Année de réalisation : 1997</subfield>
  </datafield>
  <datafield tag="300" ind1=" " ind2=" ">
    <subfield code="7">ba0yba0y</subfield>
    <subfield code="a">Réalisateur : David Mamet</subfield>
  </datafield>
  <datafield tag="430" ind1=" " ind2=" ">
    <subfield code="7">ba0yba0y</subfield>
    <subfield code="8">frefre</subfield>
    <subfield code="9">#</subfield>
    <subfield code="a">La prisonnière espagnole</subfield>
    <subfield code="n">film</subfield>
  </datafield>
  <datafield tag="440" ind1=" " ind2=" ">
    <subfield code="7">ba0yba0y</subfield>
    <subfield code="9">#</subfield>
    <subfield code="a">Mamet, David (1947-....)</subfield>
    <subfield code="t">The spanish prisoner</subfield>
  </datafield>
  <datafield tag="440" ind1=" " ind2=" ">
    <subfield code="7">ba0yba0y</subfield>
    <subfield code="9">#</subfield>
    <subfield code="a">Mamet, David (1947-....)</subfield>
    <subfield code="t">La prisonnière espagnole</subfield>
  </datafield>
  <datafield tag="500" ind1=" " ind2="1">
    <subfield code="0">Réalisé par</subfield>
    <subfield code="3">028539397</subfield>
    <subfield code="5">z|xxx</subfield>
    <subfield code="7">ba0yba0y</subfield>
    <subfield code="a">Mamet</subfield>
    <subfield code="b">David</subfield>
    <subfield code="f">1947-....</subfield>
  </datafield>
  <datafield tag="801" ind1=" " ind2="3">
    <subfield code="a">FR</subfield>
    <subfield code="b">Abes</subfield>
    <subfield code="c">20150110</subfield>
    <subfield code="g">AFNOR</subfield>
  </datafield>
  <datafield tag="810" ind1=" " ind2=" ">
    <subfield code="a"> The spanish prisoner / Yannis Tzioumakis, 2009</subfield>
  </datafield>
  <datafield tag="810" ind1=" " ind2=" ">
    <subfield code="a">Internet, www.imbd.com, [2015-01-10]</subfield>
    <subfield code="b">The spanish prisoner (autre forme du titre : La prisonnière espagnole), film réalisé par David Mamet en 1997. Production américaine tournée en langue anglaise.</subfield>
  </datafield>
  <datafield tag="930" ind1=" " ind2=" ">
    <subfield code="a">The spanish prisoner (film)</subfield>
  </datafield>
  <datafield tag="931" ind1=" " ind2=" ">
    <subfield code="a">La prisonnière espagnole (film)</subfield>
  </datafield>
  <datafield tag="941" ind1=" " ind2=" ">
    <subfield code="a">Mamet, David (1947-....). The spanish prisoner</subfield>
  </datafield>
  <datafield tag="941" ind1=" " ind2=" ">
    <subfield code="a">Mamet, David (1947-....). La prisonnière espagnole</subfield>
  </datafield>
</record>