


<record>
  <leader>     nx  h22     3  45  </leader>
  <controlfield tag="001">183082257</controlfield>
  <controlfield tag="003">http://www.idref.fr/183082257</controlfield>
  <controlfield tag="004">20150115</controlfield>
  <controlfield tag="005">20150115154348.000</controlfield>
  <controlfield tag="006">751182102</controlfield>
  <controlfield tag="007">751182102</controlfield>
  <controlfield tag="008">Tq5</controlfield>
  <datafield tag="100" ind1=" " ind2=" ">
    <subfield code="a">20150115afrey50      ba0</subfield>
  </datafield>
  <datafield tag="101" ind1=" " ind2=" ">
    <subfield code="a">ita</subfield>
  </datafield>
  <datafield tag="102" ind1=" " ind2=" ">
    <subfield code="a">DE</subfield>
  </datafield>
  <datafield tag="103" ind1=" " ind2=" ">
    <subfield code="a"> 1775     </subfield>
  </datafield>
  <datafield tag="106" ind1=" " ind2=" ">
    <subfield code="a">2</subfield>
    <subfield code="b">1</subfield>
    <subfield code="c">0</subfield>
  </datafield>
  <datafield tag="128" ind1=" " ind2=" ">
    <subfield code="a">op</subfield>
    <subfield code="b">vd02</subfield>
    <subfield code="b">cu01</subfield>
  </datafield>
  <datafield tag="152" ind1=" " ind2=" ">
    <subfield code="a">AFNOR</subfield>
  </datafield>
  <datafield tag="240" ind1=" " ind2=" ">
    <subfield code="7">ba0yba0y</subfield>
    <subfield code="a">Bach, Johann Christian (1735-1782)</subfield>
    <subfield code="t">Lucio Silla</subfield>
  </datafield>
  <datafield tag="300" ind1=" " ind2=" ">
    <subfield code="7">ba0yba0y</subfield>
    <subfield code="a">&quot;Dramma per musica&quot; en trois actes créé à Mannheim, Hoftheater, le 5 novembre 1775</subfield>
  </datafield>
  <datafield tag="801" ind1=" " ind2="3">
    <subfield code="a">FR</subfield>
    <subfield code="b">Abes</subfield>
    <subfield code="c">20150115</subfield>
    <subfield code="g">AFNOR</subfield>
  </datafield>
  <datafield tag="810" ind1=" " ind2=" ">
    <subfield code="a">Lucio Silla [Texte imprimé] : dramma per musica en trois actes / livret intégral de Giovanni De Gamerra ; musique de Wolfgang Amadeus Mozart ; traduction française de Michel Orcel ; commentaire littéraire et musical de Isabelle Moindrot. Regards sur &quot;Lucio Silla&quot; de Jean-Chrétien Bach / par Joël-Marie Fauquet. - Paris : Premières Loges, 1991. - 1 vol. (144 p.) : ill., couv. ill. en coul., mus. ; 25 cm. - Texte en italien et traduction française en regard. - Numéro de &quot;L&apos;Avant scène Opéra&quot;, 1991, no.139. - Création au teatro Ducale de Milan, 26 décembre 1772. - Bibliogr. p. 106. Discogr. p. 98-103</subfield>
  </datafield>
  <datafield tag="940" ind1=" " ind2=" ">
    <subfield code="a">Bach, Johann Christian (1735-1782). Lucio Silla</subfield>
  </datafield>
</record>