


<record>
  <leader>     nx  h22     3  45  </leader>
  <controlfield tag="001">231718101</controlfield>
  <controlfield tag="003">http://www.idref.fr/231718101</controlfield>
  <controlfield tag="004">20181116</controlfield>
  <controlfield tag="005">20181116163324.000</controlfield>
  <controlfield tag="006">751025206</controlfield>
  <controlfield tag="007">751025206</controlfield>
  <controlfield tag="008">Tq5</controlfield>
  <datafield tag="100" ind1=" " ind2=" ">
    <subfield code="a">20181116afrey50      ba0</subfield>
  </datafield>
  <datafield tag="101" ind1=" " ind2=" ">
    <subfield code="a">ita</subfield>
  </datafield>
  <datafield tag="102" ind1=" " ind2=" ">
    <subfield code="a">IT</subfield>
  </datafield>
  <datafield tag="103" ind1=" " ind2=" ">
    <subfield code="a"> 1500     </subfield>
  </datafield>
  <datafield tag="106" ind1=" " ind2=" ">
    <subfield code="a">2</subfield>
    <subfield code="b">1</subfield>
    <subfield code="c">0</subfield>
  </datafield>
  <datafield tag="152" ind1=" " ind2=" ">
    <subfield code="a">AFNOR</subfield>
  </datafield>
  <datafield tag="240" ind1=" " ind2=" ">
    <subfield code="7">ba0yba0y</subfield>
    <subfield code="a">Léonard de Vinci (1452-1519)</subfield>
    <subfield code="t">Salvator Mundi</subfield>
  </datafield>
  <datafield tag="440" ind1=" " ind2=" ">
    <subfield code="7">ba0yba0y</subfield>
    <subfield code="a">Leonardo da Vinci (1452-1519)</subfield>
    <subfield code="t">Salvator Mundi</subfield>
  </datafield>
  <datafield tag="440" ind1=" " ind2=" ">
    <subfield code="7">ba0yba0y</subfield>
    <subfield code="a">da Vinci (1452-1519)</subfield>
    <subfield code="t">Salvator Mundi</subfield>
  </datafield>
  <datafield tag="440" ind1=" " ind2=" ">
    <subfield code="7">ba0yba0y</subfield>
    <subfield code="a">cde Vinci (1452-1519)</subfield>
    <subfield code="t">Salvator Mundi</subfield>
  </datafield>
  <datafield tag="440" ind1=" " ind2=" ">
    <subfield code="7">ba0yba0y</subfield>
    <subfield code="a">Leonardo Di Ser Piero d&apos;Antonio di Ser Piero di Ser Guido da Vinci</subfield>
    <subfield code="t">Salvator Mundi</subfield>
  </datafield>
  <datafield tag="801" ind1=" " ind2="3">
    <subfield code="a">FR</subfield>
    <subfield code="b">Abes</subfield>
    <subfield code="c">20181116</subfield>
    <subfield code="g">AFNOR</subfield>
  </datafield>
  <datafield tag="810" ind1=" " ind2=" ">
    <subfield code="a">Leonardo a Donnaregina, i &quot;Salvator Mundi&quot; per Napoli / mostra, Napoli, Museo Diocesano di Napoli, 12 gennaio - 30 marzo 2017 / mostra ideata da Carlo Pedretti, a cura di Nicola Barbatelli, Margherita Melani, testi di : Nicola Barbatelli, Margherita Melani, Carlo Pedretti... [et al.], 2017</subfield>
  </datafield>
  <datafield tag="940" ind1=" " ind2=" ">
    <subfield code="a">Léonard de Vinci (1452-1519). Salvator Mundi</subfield>
  </datafield>
  <datafield tag="941" ind1=" " ind2=" ">
    <subfield code="a">Leonardo da Vinci (1452-1519). Salvator Mundi</subfield>
  </datafield>
  <datafield tag="941" ind1=" " ind2=" ">
    <subfield code="a">da Vinci (1452-1519). Salvator Mundi</subfield>
  </datafield>
  <datafield tag="941" ind1=" " ind2=" ">
    <subfield code="a">cde Vinci (1452-1519). Salvator Mundi</subfield>
  </datafield>
  <datafield tag="941" ind1=" " ind2=" ">
    <subfield code="a">Leonardo Di Ser Piero d&apos;Antonio di Ser Piero di Ser Guido da Vinci. Salvator Mundi</subfield>
  </datafield>
</record>