


<record>
  <leader>     cx  c22     3  45  </leader>
  <controlfield tag="001">027262987</controlfield>
  <controlfield tag="003">http://www.idref.fr/027262987</controlfield>
  <controlfield tag="004">19810212</controlfield>
  <controlfield tag="005">20120606141612.000</controlfield>
  <controlfield tag="006">0004</controlfield>
  <controlfield tag="007">1999</controlfield>
  <controlfield tag="008">Tg5</controlfield>
  <datafield tag="035" ind1=" " ind2=" ">
    <subfield code="a">frBN001556181</subfield>
  </datafield>
  <datafield tag="035" ind1=" " ind2=" ">
    <subfield code="a">FRBNF119343131</subfield>
    <subfield code="z">FRBNF11934313</subfield>
  </datafield>
  <datafield tag="100" ind1=" " ind2=" ">
    <subfield code="a">19810212afrey50      ba0</subfield>
  </datafield>
  <datafield tag="106" ind1=" " ind2=" ">
    <subfield code="a">2</subfield>
    <subfield code="b">0</subfield>
    <subfield code="c">0</subfield>
  </datafield>
  <datafield tag="152" ind1=" " ind2=" ">
    <subfield code="b">rameau</subfield>
  </datafield>
  <datafield tag="215" ind1=" " ind2=" ">
    <subfield code="7">ba0yba0y</subfield>
    <subfield code="9">1</subfield>
    <subfield code="a">Seine-Maritime (France)</subfield>
  </datafield>
  <datafield tag="300" ind1="1" ind2=" ">
    <subfield code="7">ba0yba0y</subfield>
    <subfield code="a">Département français (76)</subfield>
  </datafield>
  <datafield tag="415" ind1=" " ind2=" ">
    <subfield code="7">ba0yba0y</subfield>
    <subfield code="9">1</subfield>
    <subfield code="a">Seine-Inférieure (France)</subfield>
  </datafield>
  <datafield tag="415" ind1=" " ind2=" ">
    <subfield code="7">ba0yba0y</subfield>
    <subfield code="9">1</subfield>
    <subfield code="a">Seine-Maritime</subfield>
  </datafield>
  <datafield tag="515" ind1=" " ind2=" ">
    <subfield code="3">027401693</subfield>
    <subfield code="5">g|xxx</subfield>
    <subfield code="7">ba0yba0y</subfield>
    <subfield code="a">Haute-Normandie (France)</subfield>
  </datafield>
  <datafield tag="801" ind1=" " ind2="3">
    <subfield code="a">FR</subfield>
    <subfield code="b">Abes</subfield>
    <subfield code="c">20120606</subfield>
    <subfield code="g">AFNOR</subfield>
  </datafield>
  <datafield tag="810" ind1=" " ind2=" ">
    <subfield code="a">GDEL</subfield>
  </datafield>
  <datafield tag="915" ind1=" " ind2=" ">
    <subfield code="a">Seine-Maritime (France)</subfield>
  </datafield>
  <datafield tag="916" ind1=" " ind2=" ">
    <subfield code="a">Seine-Inférieure (France)</subfield>
  </datafield>
  <datafield tag="916" ind1=" " ind2=" ">
    <subfield code="a">Seine-Maritime</subfield>
  </datafield>
</record>