


<record>
  <leader>     cx  c22     3  45  </leader>
  <controlfield tag="001">027350843</controlfield>
  <controlfield tag="003">http://www.idref.fr/027350843</controlfield>
  <controlfield tag="004">19810901</controlfield>
  <controlfield tag="005">20140911041910.000</controlfield>
  <controlfield tag="006">0004</controlfield>
  <controlfield tag="007">751052101</controlfield>
  <controlfield tag="008">Tg5</controlfield>
  <datafield tag="035" ind1=" " ind2=" ">
    <subfield code="a">frBN001645018</subfield>
  </datafield>
  <datafield tag="035" ind1=" " ind2=" ">
    <subfield code="a">FRBNF119411689</subfield>
    <subfield code="z">FRBNF11941168</subfield>
  </datafield>
  <datafield tag="100" ind1=" " ind2=" ">
    <subfield code="a">19810901afrey50      ba0</subfield>
  </datafield>
  <datafield tag="106" ind1=" " ind2=" ">
    <subfield code="a">2</subfield>
    <subfield code="b">0</subfield>
    <subfield code="c">0</subfield>
  </datafield>
  <datafield tag="152" ind1=" " ind2=" ">
    <subfield code="b">rameau</subfield>
  </datafield>
  <datafield tag="215" ind1=" " ind2=" ">
    <subfield code="7">ba0yba0y</subfield>
    <subfield code="9">1</subfield>
    <subfield code="a">Vienne (Autriche)</subfield>
  </datafield>
  <datafield tag="415" ind1=" " ind2=" ">
    <subfield code="7">ba0yba0y</subfield>
    <subfield code="9">#</subfield>
    <subfield code="a">Vindobona (ville ancienne)</subfield>
  </datafield>
  <datafield tag="415" ind1=" " ind2=" ">
    <subfield code="7">ba0yba0y</subfield>
    <subfield code="9">#</subfield>
    <subfield code="a">Vienna</subfield>
  </datafield>
  <datafield tag="515" ind1=" " ind2=" ">
    <subfield code="3">028448472</subfield>
    <subfield code="5">g|xxx</subfield>
    <subfield code="7">ba0yba0y</subfield>
    <subfield code="a">Autriche</subfield>
    <subfield code="x">Divisions politiques et administratives</subfield>
  </datafield>
  <datafield tag="715" ind1=" " ind2=" ">
    <subfield code="7">ba0yba0y</subfield>
    <subfield code="8">freger</subfield>
    <subfield code="9">0</subfield>
    <subfield code="a">Wien (Autriche)</subfield>
  </datafield>
  <datafield tag="801" ind1=" " ind2="3">
    <subfield code="a">FR</subfield>
    <subfield code="b">Abes</subfield>
    <subfield code="c">20140911</subfield>
    <subfield code="g">AFNOR</subfield>
  </datafield>
  <datafield tag="810" ind1=" " ind2=" ">
    <subfield code="a">GDEL</subfield>
  </datafield>
  <datafield tag="915" ind1=" " ind2=" ">
    <subfield code="a">Vienne (Autriche)</subfield>
  </datafield>
  <datafield tag="916" ind1=" " ind2=" ">
    <subfield code="a">Vindobona (ville ancienne)</subfield>
  </datafield>
  <datafield tag="916" ind1=" " ind2=" ">
    <subfield code="a">Vienna</subfield>
  </datafield>
  <datafield tag="917" ind1=" " ind2=" ">
    <subfield code="a">Wien (Autriche)</subfield>
  </datafield>
</record>