


<record>
  <leader>     cx  c22     3  45  </leader>
  <controlfield tag="001">027486745</controlfield>
  <controlfield tag="003">http://www.idref.fr/027486745</controlfield>
  <controlfield tag="004">19830131</controlfield>
  <controlfield tag="005">20120606141710.000</controlfield>
  <controlfield tag="006">0004</controlfield>
  <controlfield tag="007">1999</controlfield>
  <controlfield tag="008">Tg5</controlfield>
  <datafield tag="035" ind1=" " ind2=" ">
    <subfield code="a">frBN001785408</subfield>
  </datafield>
  <datafield tag="035" ind1=" " ind2=" ">
    <subfield code="a">FRBNF119515951</subfield>
    <subfield code="z">FRBNF11951595</subfield>
  </datafield>
  <datafield tag="100" ind1=" " ind2=" ">
    <subfield code="a">19830131afrey50      ba0</subfield>
  </datafield>
  <datafield tag="106" ind1=" " ind2=" ">
    <subfield code="a">2</subfield>
    <subfield code="b">0</subfield>
    <subfield code="c">0</subfield>
  </datafield>
  <datafield tag="152" ind1=" " ind2=" ">
    <subfield code="b">rameau</subfield>
  </datafield>
  <datafield tag="215" ind1=" " ind2=" ">
    <subfield code="7">ba0yba0y</subfield>
    <subfield code="9">1</subfield>
    <subfield code="a">Reims, Montagne de (France)</subfield>
  </datafield>
  <datafield tag="300" ind1="1" ind2=" ">
    <subfield code="7">ba0yba0y</subfield>
    <subfield code="a">Plateau calcaire séparant les vallées de la Vesle et de la Marne, entre Reims et Épernay (286 m)</subfield>
  </datafield>
  <datafield tag="415" ind1=" " ind2=" ">
    <subfield code="7">ba0yba0y</subfield>
    <subfield code="9">1</subfield>
    <subfield code="a">Montagne de Reims (France)</subfield>
  </datafield>
  <datafield tag="510" ind1=" " ind2=" ">
    <subfield code="3">026397684</subfield>
    <subfield code="7">ba0yba0y</subfield>
    <subfield code="a">Parc naturel régional de la Montagne de Reims</subfield>
  </datafield>
  <datafield tag="515" ind1=" " ind2=" ">
    <subfield code="3">028935500</subfield>
    <subfield code="5">h|xxx</subfield>
    <subfield code="7">ba0yba0y</subfield>
    <subfield code="a">Verzy, Forêt de (France)</subfield>
  </datafield>
  <datafield tag="550" ind1=" " ind2=" ">
    <subfield code="3">02933537X</subfield>
    <subfield code="5">g|xxx</subfield>
    <subfield code="7">ba0yba0y</subfield>
    <subfield code="a">Montagnes</subfield>
    <subfield code="y">France</subfield>
    <subfield code="y">Marne (France)</subfield>
  </datafield>
  <datafield tag="550" ind1=" " ind2=" ">
    <subfield code="3">029530628</subfield>
    <subfield code="5">g|xxx</subfield>
    <subfield code="7">ba0yba0y</subfield>
    <subfield code="a">Plateaux (géographie)</subfield>
    <subfield code="y">France</subfield>
  </datafield>
  <datafield tag="676" ind1=" " ind2=" ">
    <subfield code="a">912</subfield>
  </datafield>
  <datafield tag="801" ind1=" " ind2="3">
    <subfield code="a">FR</subfield>
    <subfield code="b">Abes</subfield>
    <subfield code="c">20120606</subfield>
    <subfield code="g">AFNOR</subfield>
  </datafield>
  <datafield tag="810" ind1=" " ind2=" ">
    <subfield code="a">GLU</subfield>
  </datafield>
  <datafield tag="822" ind1=" " ind2=" ">
    <subfield code="a">Reims Mountain (France)</subfield>
    <subfield code="v">LCSH, 2001-06</subfield>
  </datafield>
  <datafield tag="915" ind1=" " ind2=" ">
    <subfield code="a">Reims, Montagne de (France)</subfield>
  </datafield>
  <datafield tag="916" ind1=" " ind2=" ">
    <subfield code="a">Montagne de Reims (France)</subfield>
  </datafield>
</record>