


<record>
  <leader>     cx  c22     3  45  </leader>
  <controlfield tag="001">027579808</controlfield>
  <controlfield tag="003">http://www.idref.fr/027579808</controlfield>
  <controlfield tag="004">19831123</controlfield>
  <controlfield tag="005">20180601104758.000</controlfield>
  <controlfield tag="006">0004</controlfield>
  <controlfield tag="007">751052349</controlfield>
  <controlfield tag="008">Tg5</controlfield>
  <datafield tag="035" ind1=" " ind2=" ">
    <subfield code="a">frBN001883838</subfield>
  </datafield>
  <datafield tag="035" ind1=" " ind2=" ">
    <subfield code="a">FRBNF119589599</subfield>
    <subfield code="z">FRBNF11958959</subfield>
  </datafield>
  <datafield tag="100" ind1=" " ind2=" ">
    <subfield code="a">19831123afrey50      ba0</subfield>
  </datafield>
  <datafield tag="106" ind1=" " ind2=" ">
    <subfield code="a">2</subfield>
    <subfield code="b">0</subfield>
    <subfield code="c">0</subfield>
  </datafield>
  <datafield tag="152" ind1=" " ind2=" ">
    <subfield code="b">rameau</subfield>
  </datafield>
  <datafield tag="215" ind1=" " ind2=" ">
    <subfield code="6">a01</subfield>
    <subfield code="7">ba0ydb0y</subfield>
    <subfield code="8">jpnjpn</subfield>
    <subfield code="9">1</subfield>
    <subfield code="a">長崎 (Japon )</subfield>
  </datafield>
  <datafield tag="215" ind1=" " ind2=" ">
    <subfield code="6">a01</subfield>
    <subfield code="7">ba0yba0y</subfield>
    <subfield code="9">1</subfield>
    <subfield code="a">Nagasaki (Japon)</subfield>
  </datafield>
  <datafield tag="300" ind1="1" ind2=" ">
    <subfield code="7">ba0yba0y</subfield>
    <subfield code="a">Chef-lieu du département homonyme</subfield>
  </datafield>
  <datafield tag="415" ind1=" " ind2=" ">
    <subfield code="7">ba0yba0y</subfield>
    <subfield code="9">1</subfield>
    <subfield code="a">Nagasaki-shi (Japon)</subfield>
  </datafield>
  <datafield tag="801" ind1=" " ind2="3">
    <subfield code="a">FR</subfield>
    <subfield code="b">Abes</subfield>
    <subfield code="c">20180601</subfield>
    <subfield code="g">AFNOR</subfield>
  </datafield>
  <datafield tag="810" ind1=" " ind2=" ">
    <subfield code="a">GLU. Laval RVM, 1995-08</subfield>
  </datafield>
  <datafield tag="822" ind1=" " ind2=" ">
    <subfield code="a">Nagasaki-shi (Japan)</subfield>
    <subfield code="v">LCNA, 1977-1986</subfield>
  </datafield>
  <datafield tag="915" ind1=" " ind2=" ">
    <subfield code="6">01</subfield>
    <subfield code="7">db</subfield>
    <subfield code="a">長崎 (Japon )</subfield>
  </datafield>
  <datafield tag="915" ind1=" " ind2=" ">
    <subfield code="6">01</subfield>
    <subfield code="7">ba</subfield>
    <subfield code="a">Nagasaki (Japon)</subfield>
  </datafield>
  <datafield tag="916" ind1=" " ind2=" ">
    <subfield code="a">Nagasaki-shi (Japon)</subfield>
  </datafield>
</record>