


<record>
  <leader>     cx  c22     3  45  </leader>
  <controlfield tag="001">028525671</controlfield>
  <controlfield tag="003">http://www.idref.fr/028525671</controlfield>
  <controlfield tag="004">19880303</controlfield>
  <controlfield tag="005">20120606142020.000</controlfield>
  <controlfield tag="006">0004</controlfield>
  <controlfield tag="007">1999</controlfield>
  <controlfield tag="008">Tg5</controlfield>
  <datafield tag="035" ind1=" " ind2=" ">
    <subfield code="a">frBN003163515</subfield>
  </datafield>
  <datafield tag="035" ind1=" " ind2=" ">
    <subfield code="a">FRBNF120344390</subfield>
    <subfield code="z">FRBNF12034439</subfield>
  </datafield>
  <datafield tag="100" ind1=" " ind2=" ">
    <subfield code="a">19880303afrey50      ba0</subfield>
  </datafield>
  <datafield tag="106" ind1=" " ind2=" ">
    <subfield code="a">2</subfield>
    <subfield code="b">0</subfield>
    <subfield code="c">0</subfield>
  </datafield>
  <datafield tag="152" ind1=" " ind2=" ">
    <subfield code="b">rameau</subfield>
  </datafield>
  <datafield tag="215" ind1=" " ind2=" ">
    <subfield code="7">ba0yba0y</subfield>
    <subfield code="9">1</subfield>
    <subfield code="a">Méditerranée (mer ; centre)</subfield>
  </datafield>
  <datafield tag="415" ind1=" " ind2=" ">
    <subfield code="7">ba0yba0y</subfield>
    <subfield code="9">1</subfield>
    <subfield code="a">Méditerranée centrale</subfield>
  </datafield>
  <datafield tag="515" ind1=" " ind2=" ">
    <subfield code="3">05060368X</subfield>
    <subfield code="5">h|xxx</subfield>
    <subfield code="7">ba0yba0y</subfield>
    <subfield code="a">Adriatique (mer)</subfield>
  </datafield>
  <datafield tag="515" ind1=" " ind2=" ">
    <subfield code="3">027864499</subfield>
    <subfield code="5">h|xxx</subfield>
    <subfield code="7">ba0yba0y</subfield>
    <subfield code="a">Ionienne (mer)</subfield>
  </datafield>
  <datafield tag="801" ind1=" " ind2="3">
    <subfield code="a">FR</subfield>
    <subfield code="b">Abes</subfield>
    <subfield code="c">20120606</subfield>
    <subfield code="g">AFNOR</subfield>
  </datafield>
  <datafield tag="810" ind1=" " ind2=" ">
    <subfield code="a">Méditerranée centrale ; Laval RVM suppl., 1987-09</subfield>
  </datafield>
  <datafield tag="915" ind1=" " ind2=" ">
    <subfield code="a">Méditerranée (mer ; centre)</subfield>
  </datafield>
  <datafield tag="916" ind1=" " ind2=" ">
    <subfield code="a">Méditerranée centrale</subfield>
  </datafield>
</record>