


<record>
  <leader>     cx  c22     3  45  </leader>
  <controlfield tag="001">029662753</controlfield>
  <controlfield tag="003">http://www.idref.fr/029662753</controlfield>
  <controlfield tag="004">19890912</controlfield>
  <controlfield tag="005">20120606142216.000</controlfield>
  <controlfield tag="006">0004</controlfield>
  <controlfield tag="007">1999</controlfield>
  <controlfield tag="008">Tg5</controlfield>
  <datafield tag="035" ind1=" " ind2=" ">
    <subfield code="a">frBN004721026</subfield>
  </datafield>
  <datafield tag="035" ind1=" " ind2=" ">
    <subfield code="a">FRBNF121239474</subfield>
    <subfield code="z">FRBNF12123947</subfield>
  </datafield>
  <datafield tag="100" ind1=" " ind2=" ">
    <subfield code="a">19890912afrey50      ba0</subfield>
  </datafield>
  <datafield tag="106" ind1=" " ind2=" ">
    <subfield code="a">2</subfield>
    <subfield code="b">0</subfield>
    <subfield code="c">0</subfield>
  </datafield>
  <datafield tag="152" ind1=" " ind2=" ">
    <subfield code="b">rameau</subfield>
  </datafield>
  <datafield tag="215" ind1=" " ind2=" ">
    <subfield code="7">ba0yba0y</subfield>
    <subfield code="9">1</subfield>
    <subfield code="a">Mer Noire, Côte de la (Bulgarie)</subfield>
  </datafield>
  <datafield tag="550" ind1=" " ind2=" ">
    <subfield code="3">028234820</subfield>
    <subfield code="5">g|xxx</subfield>
    <subfield code="7">ba0yba0y</subfield>
    <subfield code="a">Littoraux</subfield>
    <subfield code="y">Bulgarie</subfield>
  </datafield>
  <datafield tag="801" ind1=" " ind2="3">
    <subfield code="a">FR</subfield>
    <subfield code="b">Abes</subfield>
    <subfield code="c">20120606</subfield>
    <subfield code="g">AFNOR</subfield>
  </datafield>
  <datafield tag="822" ind1=" " ind2=" ">
    <subfield code="a">Black Sea Coast (Bulgaria)</subfield>
    <subfield code="v">LCSH, 1994-09</subfield>
  </datafield>
  <datafield tag="915" ind1=" " ind2=" ">
    <subfield code="a">Mer Noire, Côte de la (Bulgarie)</subfield>
  </datafield>
</record>