


<record>
  <leader>     cx  c22     3  45  </leader>
  <controlfield tag="001">033136068</controlfield>
  <controlfield tag="003">http://www.idref.fr/033136068</controlfield>
  <controlfield tag="004">19940629</controlfield>
  <controlfield tag="005">20120606142642.000</controlfield>
  <controlfield tag="006">0004</controlfield>
  <controlfield tag="007">1999</controlfield>
  <controlfield tag="008">Tg5</controlfield>
  <datafield tag="035" ind1=" " ind2=" ">
    <subfield code="a">frBN010339419</subfield>
  </datafield>
  <datafield tag="035" ind1=" " ind2=" ">
    <subfield code="a">FRBNF124033052</subfield>
    <subfield code="z">FRBNF12403305</subfield>
  </datafield>
  <datafield tag="100" ind1=" " ind2=" ">
    <subfield code="a">19940629afrey50      ba0</subfield>
  </datafield>
  <datafield tag="106" ind1=" " ind2=" ">
    <subfield code="a">2</subfield>
    <subfield code="b">0</subfield>
    <subfield code="c">0</subfield>
  </datafield>
  <datafield tag="152" ind1=" " ind2=" ">
    <subfield code="b">rameau</subfield>
  </datafield>
  <datafield tag="215" ind1=" " ind2=" ">
    <subfield code="7">ba0yba0y</subfield>
    <subfield code="9">1</subfield>
    <subfield code="a">Érebus, Mont (Antarctique)</subfield>
  </datafield>
  <datafield tag="300" ind1="1" ind2=" ">
    <subfield code="7">ba0yba0y</subfield>
    <subfield code="a">Volcan actif, le plus élevé des trois volcans constituant l&apos;île de Ross, dans l&apos;Antarctique</subfield>
  </datafield>
  <datafield tag="515" ind1=" " ind2=" ">
    <subfield code="3">033136033</subfield>
    <subfield code="5">g|xxx</subfield>
    <subfield code="7">ba0yba0y</subfield>
    <subfield code="a">Ross, Île de (Mer de Ross, Antarctique)</subfield>
  </datafield>
  <datafield tag="550" ind1=" " ind2=" ">
    <subfield code="3">034882626</subfield>
    <subfield code="5">g|xxx</subfield>
    <subfield code="7">ba0yba0y</subfield>
    <subfield code="a">Montagnes</subfield>
    <subfield code="y">Antarctique</subfield>
  </datafield>
  <datafield tag="550" ind1=" " ind2=" ">
    <subfield code="3">033136041</subfield>
    <subfield code="5">g|xxx</subfield>
    <subfield code="7">ba0yba0y</subfield>
    <subfield code="a">Volcans</subfield>
    <subfield code="y">Antarctique</subfield>
  </datafield>
  <datafield tag="801" ind1=" " ind2="3">
    <subfield code="a">FR</subfield>
    <subfield code="b">Abes</subfield>
    <subfield code="c">20120606</subfield>
    <subfield code="g">AFNOR</subfield>
  </datafield>
  <datafield tag="810" ind1=" " ind2=" ">
    <subfield code="a">GLU, 1991. Atlas Le Monde, 1993</subfield>
  </datafield>
  <datafield tag="810" ind1=" " ind2=" ">
    <subfield code="a">Laval RVM, 1996-08</subfield>
  </datafield>
  <datafield tag="822" ind1=" " ind2=" ">
    <subfield code="a">Erebus, Mount (Antarctica)</subfield>
    <subfield code="v">LCSH, 1996-06</subfield>
  </datafield>
  <datafield tag="915" ind1=" " ind2=" ">
    <subfield code="a">Érebus, Mont (Antarctique)</subfield>
  </datafield>
</record>