


<record>
  <leader>     cx  c22     3  45  </leader>
  <controlfield tag="001">07002409X</controlfield>
  <controlfield tag="003">http://www.idref.fr/07002409X</controlfield>
  <controlfield tag="004">20030313</controlfield>
  <controlfield tag="005">20190614114030.000</controlfield>
  <controlfield tag="006">751052105</controlfield>
  <controlfield tag="007">751052101</controlfield>
  <controlfield tag="008">Tg5</controlfield>
  <datafield tag="100" ind1=" " ind2=" ">
    <subfield code="a">20030313afrey50      ba0</subfield>
  </datafield>
  <datafield tag="101" ind1=" " ind2=" ">
    <subfield code="a">eng</subfield>
  </datafield>
  <datafield tag="102" ind1=" " ind2=" ">
    <subfield code="a">GB</subfield>
  </datafield>
  <datafield tag="106" ind1=" " ind2=" ">
    <subfield code="a">2</subfield>
    <subfield code="b">0</subfield>
    <subfield code="c">0</subfield>
  </datafield>
  <datafield tag="123" ind1=" " ind2=" ">
    <subfield code="d">w0000822</subfield>
    <subfield code="e">w0000822</subfield>
    <subfield code="f">n0504942</subfield>
    <subfield code="g">n0504942</subfield>
  </datafield>
  <datafield tag="152" ind1=" " ind2=" ">
    <subfield code="b">rameau</subfield>
  </datafield>
  <datafield tag="215" ind1=" " ind2=" ">
    <subfield code="7">ba0yba0y</subfield>
    <subfield code="8">freeng</subfield>
    <subfield code="9">1</subfield>
    <subfield code="a">Brighton (Angleterre, GB)</subfield>
  </datafield>
  <datafield tag="515" ind1=" " ind2=" ">
    <subfield code="3">030555175</subfield>
    <subfield code="7">ba0yba0y</subfield>
    <subfield code="a">Angleterre (GB ; sud-est)</subfield>
  </datafield>
  <datafield tag="801" ind1=" " ind2="3">
    <subfield code="a">FR</subfield>
    <subfield code="b">Abes</subfield>
    <subfield code="c">20190614</subfield>
    <subfield code="g">AFNOR</subfield>
  </datafield>
  <datafield tag="810" ind1=" " ind2=" ">
    <subfield code="a">Grand Larousse universel</subfield>
  </datafield>
  <datafield tag="810" ind1=" " ind2=" ">
    <subfield code="a">http://www.geonames.org/, 2019-06-14</subfield>
    <subfield code="b">coordonnées géographiques</subfield>
  </datafield>
  <datafield tag="915" ind1=" " ind2=" ">
    <subfield code="a">Brighton (Angleterre, GB)</subfield>
  </datafield>
</record>