


<record>
  <leader>     cx  c22     3  45  </leader>
  <controlfield tag="001">072312548</controlfield>
  <controlfield tag="003">http://www.idref.fr/072312548</controlfield>
  <controlfield tag="004">20030619</controlfield>
  <controlfield tag="005">20120606143308.000</controlfield>
  <controlfield tag="006">674821001</controlfield>
  <controlfield tag="007">1999</controlfield>
  <controlfield tag="008">Tg5</controlfield>
  <datafield tag="100" ind1=" " ind2=" ">
    <subfield code="a">20030619afrey50      ba0</subfield>
  </datafield>
  <datafield tag="106" ind1=" " ind2=" ">
    <subfield code="a">2</subfield>
    <subfield code="b">0</subfield>
    <subfield code="c">0</subfield>
  </datafield>
  <datafield tag="152" ind1=" " ind2=" ">
    <subfield code="b">rameau</subfield>
  </datafield>
  <datafield tag="215" ind1=" " ind2=" ">
    <subfield code="7">ba0yba0y</subfield>
    <subfield code="8">frepol</subfield>
    <subfield code="9">#</subfield>
    <subfield code="a">Gora Świętej Anny (Pologne)</subfield>
  </datafield>
  <datafield tag="415" ind1=" " ind2=" ">
    <subfield code="7">ba0yba0y</subfield>
    <subfield code="8">freger</subfield>
    <subfield code="9">#</subfield>
    <subfield code="a">Sankt Annaberg (Pologne)</subfield>
  </datafield>
  <datafield tag="415" ind1=" " ind2=" ">
    <subfield code="7">ba0yba0y</subfield>
    <subfield code="8">freger</subfield>
    <subfield code="9">#</subfield>
    <subfield code="a">Annaberg (Pologne)</subfield>
  </datafield>
  <datafield tag="415" ind1=" " ind2=" ">
    <subfield code="7">ba0yba0y</subfield>
    <subfield code="8">freger</subfield>
    <subfield code="9">#</subfield>
    <subfield code="a">Anaberg (Pologne)</subfield>
  </datafield>
  <datafield tag="801" ind1=" " ind2="3">
    <subfield code="a">FR</subfield>
    <subfield code="b">Abes</subfield>
    <subfield code="c">20120606</subfield>
    <subfield code="g">AFNOR</subfield>
  </datafield>
  <datafield tag="810" ind1=" " ind2=" ">
    <subfield code="a">St. Annaberg in Oberschlesien / Krystian Pieczka ; herausgegeben von Mariola Malerek, 2000</subfield>
  </datafield>
  <datafield tag="830" ind1=" " ind2=" ">
    <subfield code="a">CH/Di</subfield>
  </datafield>
  <datafield tag="915" ind1=" " ind2=" ">
    <subfield code="a">Gora Świętej Anny (Pologne)</subfield>
  </datafield>
  <datafield tag="916" ind1=" " ind2=" ">
    <subfield code="a">Sankt Annaberg (Pologne)</subfield>
  </datafield>
  <datafield tag="916" ind1=" " ind2=" ">
    <subfield code="a">Annaberg (Pologne)</subfield>
  </datafield>
  <datafield tag="916" ind1=" " ind2=" ">
    <subfield code="a">Anaberg (Pologne)</subfield>
  </datafield>
</record>