


<record>
  <leader>     cx  c22     3  45  </leader>
  <controlfield tag="001">076131378</controlfield>
  <controlfield tag="003">http://www.idref.fr/076131378</controlfield>
  <controlfield tag="004">20040130</controlfield>
  <controlfield tag="005">20171116192255.000</controlfield>
  <controlfield tag="006">335222109</controlfield>
  <controlfield tag="007">9999</controlfield>
  <controlfield tag="008">Tg5</controlfield>
  <datafield tag="035" ind1=" " ind2=" ">
    <subfield code="a">080488749</subfield>
    <subfield code="9">sudoc</subfield>
  </datafield>
  <datafield tag="035" ind1=" " ind2=" ">
    <subfield code="a">FRBNF145229403</subfield>
    <subfield code="z">FRBNF14522940</subfield>
  </datafield>
  <datafield tag="100" ind1=" " ind2=" ">
    <subfield code="a">20040130afrey50      ba0</subfield>
  </datafield>
  <datafield tag="106" ind1=" " ind2=" ">
    <subfield code="a">2</subfield>
    <subfield code="b">0</subfield>
    <subfield code="c">0</subfield>
  </datafield>
  <datafield tag="152" ind1=" " ind2=" ">
    <subfield code="b">rameau</subfield>
  </datafield>
  <datafield tag="215" ind1=" " ind2=" ">
    <subfield code="7">ba0yba0y</subfield>
    <subfield code="8">frejpn</subfield>
    <subfield code="9">#</subfield>
    <subfield code="a">Fuji (Japon ; mont)</subfield>
  </datafield>
  <datafield tag="356" ind1=" " ind2=" ">
    <subfield code="7">ba0yba0y</subfield>
    <subfield code="a">Plus haut sommet japonais, Volcan</subfield>
  </datafield>
  <datafield tag="415" ind1=" " ind2=" ">
    <subfield code="7">ba0yba0y</subfield>
    <subfield code="8">frefre</subfield>
    <subfield code="9">#</subfield>
    <subfield code="a">Mont Fuji</subfield>
  </datafield>
  <datafield tag="415" ind1=" " ind2=" ">
    <subfield code="7">ba0yba0y</subfield>
    <subfield code="8">frejpn</subfield>
    <subfield code="9">#</subfield>
    <subfield code="a">Fuji San</subfield>
  </datafield>
  <datafield tag="415" ind1=" " ind2=" ">
    <subfield code="7">ba0yba0y</subfield>
    <subfield code="9">#</subfield>
    <subfield code="a">Fuji, Mont</subfield>
  </datafield>
  <datafield tag="415" ind1=" " ind2=" ">
    <subfield code="7">ba0yba0y</subfield>
    <subfield code="9">#</subfield>
    <subfield code="a">Fuji Yama</subfield>
  </datafield>
  <datafield tag="515" ind1=" " ind2=" ">
    <subfield code="3">027862267</subfield>
    <subfield code="5">g|xxx</subfield>
    <subfield code="7">ba0yba0y</subfield>
    <subfield code="a">Honshū (Japon)</subfield>
  </datafield>
  <datafield tag="550" ind1=" " ind2=" ">
    <subfield code="3">028203070</subfield>
    <subfield code="5">g|xxx</subfield>
    <subfield code="7">ba0yba0y</subfield>
    <subfield code="8">frefre</subfield>
    <subfield code="a">Montagnes</subfield>
    <subfield code="y">Japon</subfield>
  </datafield>
  <datafield tag="550" ind1=" " ind2=" ">
    <subfield code="3">028203070</subfield>
    <subfield code="5">g|xxx</subfield>
    <subfield code="7">ba0yba0y</subfield>
    <subfield code="a">Montagnes</subfield>
    <subfield code="y">Japon</subfield>
  </datafield>
  <datafield tag="801" ind1=" " ind2="3">
    <subfield code="a">FR</subfield>
    <subfield code="b">Abes</subfield>
    <subfield code="c">20171116</subfield>
    <subfield code="g">AFNOR</subfield>
    <subfield code="h">080488749</subfield>
  </datafield>
  <datafield tag="801" ind1=" " ind2="0">
    <subfield code="a">FR</subfield>
    <subfield code="b">BnF</subfield>
    <subfield code="c">20040204</subfield>
  </datafield>
  <datafield tag="810" ind1=" " ind2=" ">
    <subfield code="a">GDEL</subfield>
  </datafield>
  <datafield tag="915" ind1=" " ind2=" ">
    <subfield code="a">Fuji (Japon ; mont)</subfield>
  </datafield>
  <datafield tag="916" ind1=" " ind2=" ">
    <subfield code="a">Mont Fuji</subfield>
  </datafield>
  <datafield tag="916" ind1=" " ind2=" ">
    <subfield code="a">Fuji San</subfield>
  </datafield>
  <datafield tag="916" ind1=" " ind2=" ">
    <subfield code="a">Fuji, Mont</subfield>
  </datafield>
  <datafield tag="916" ind1=" " ind2=" ">
    <subfield code="a">Fuji Yama</subfield>
  </datafield>
</record>