


<record>
  <leader>     nx  c22     3  45  </leader>
  <controlfield tag="001">129713759</controlfield>
  <controlfield tag="003">http://www.idref.fr/129713759</controlfield>
  <controlfield tag="004">20081209</controlfield>
  <controlfield tag="005">20081209144648.000</controlfield>
  <controlfield tag="006">591832101</controlfield>
  <controlfield tag="007">591832101</controlfield>
  <controlfield tag="008">Tg5</controlfield>
  <datafield tag="100" ind1=" " ind2=" ">
    <subfield code="a">20081209afrey50      ba0</subfield>
  </datafield>
  <datafield tag="102" ind1=" " ind2=" ">
    <subfield code="a">FR</subfield>
  </datafield>
  <datafield tag="106" ind1=" " ind2=" ">
    <subfield code="a">0</subfield>
    <subfield code="b">0</subfield>
    <subfield code="c">0</subfield>
  </datafield>
  <datafield tag="152" ind1=" " ind2=" ">
    <subfield code="b">rameau</subfield>
  </datafield>
  <datafield tag="215" ind1=" " ind2=" ">
    <subfield code="7">ba0yba0y</subfield>
    <subfield code="9">0</subfield>
    <subfield code="a">Val d&apos;Oise (France)</subfield>
  </datafield>
  <datafield tag="300" ind1=" " ind2=" ">
    <subfield code="7">ba0yba0y</subfield>
    <subfield code="a">Département français appartenant à la région Île-de-France. Département (95)</subfield>
  </datafield>
  <datafield tag="801" ind1=" " ind2="3">
    <subfield code="a">FR</subfield>
    <subfield code="b">Abes</subfield>
    <subfield code="c">20081209</subfield>
    <subfield code="g">AFNOR</subfield>
  </datafield>
  <datafield tag="810" ind1=" " ind2=" ">
    <subfield code="a">Le @Val d&apos;Oise... à pied : 36 promenades et randonnées / Fédération française de la randonnée pédestre</subfield>
  </datafield>
  <datafield tag="810" ind1=" " ind2=" ">
    <subfield code="a">http://fr.wikipedia.org/wiki/Val-d%27Oise</subfield>
  </datafield>
  <datafield tag="915" ind1=" " ind2=" ">
    <subfield code="a">Val d&apos;Oise (France)</subfield>
  </datafield>
</record>