


<record>
  <leader>     cx  c22     3  45  </leader>
  <controlfield tag="001">140609040</controlfield>
  <controlfield tag="003">http://www.idref.fr/140609040</controlfield>
  <controlfield tag="004">20100216</controlfield>
  <controlfield tag="005">20150928100345.000</controlfield>
  <controlfield tag="006">861942212</controlfield>
  <controlfield tag="007">1999</controlfield>
  <controlfield tag="008">Tg5</controlfield>
  <datafield tag="033" ind1=" " ind2=" ">
    <subfield code="a">http://catalogue.bnf.fr/ark:/12148/cb15036402q</subfield>
    <subfield code="2">BNF</subfield>
    <subfield code="d">20150928</subfield>
  </datafield>
  <datafield tag="035" ind1=" " ind2=" ">
    <subfield code="a">FRBNF150364025</subfield>
    <subfield code="z">FRBNF15036402</subfield>
  </datafield>
  <datafield tag="100" ind1=" " ind2=" ">
    <subfield code="a">20100216afrey50      ba0</subfield>
  </datafield>
  <datafield tag="106" ind1=" " ind2=" ">
    <subfield code="a">2</subfield>
    <subfield code="b">0</subfield>
    <subfield code="c">0</subfield>
  </datafield>
  <datafield tag="152" ind1=" " ind2=" ">
    <subfield code="b">rameau</subfield>
  </datafield>
  <datafield tag="215" ind1=" " ind2=" ">
    <subfield code="7">ba0yba0y</subfield>
    <subfield code="9">#</subfield>
    <subfield code="a">Chomo Lönzo (Chine ; mont)</subfield>
  </datafield>
  <datafield tag="300" ind1=" " ind2=" ">
    <subfield code="7">ba0yba0y</subfield>
    <subfield code="a">Montagne de l&apos;Himalaya, au Tibet, au N.-N.-E. du Makalu (7790 m.)</subfield>
  </datafield>
  <datafield tag="515" ind1=" " ind2=" ">
    <subfield code="3">027484505</subfield>
    <subfield code="5">g|xxx</subfield>
    <subfield code="7">ba0yba0y</subfield>
    <subfield code="a">Himalaya</subfield>
  </datafield>
  <datafield tag="550" ind1=" " ind2=" ">
    <subfield code="3">028204522</subfield>
    <subfield code="5">g|xxx</subfield>
    <subfield code="7">ba0yba0y</subfield>
    <subfield code="a">Montagnes</subfield>
    <subfield code="y">Chine</subfield>
  </datafield>
  <datafield tag="686" ind1=" " ind2=" ">
    <subfield code="a">915</subfield>
    <subfield code="c">Géographie du reste du monde</subfield>
    <subfield code="2">Note de regroupement par domaine</subfield>
  </datafield>
  <datafield tag="801" ind1=" " ind2="0">
    <subfield code="a">FR</subfield>
    <subfield code="b">BnF</subfield>
    <subfield code="c">20060124</subfield>
  </datafield>
  <datafield tag="801" ind1=" " ind2="3">
    <subfield code="a">FR</subfield>
    <subfield code="b">Abes</subfield>
    <subfield code="c">20150928</subfield>
    <subfield code="g">AFNOR</subfield>
  </datafield>
  <datafield tag="810" ind1=" " ind2=" ">
    <subfield code="a">Grand Larousse universel</subfield>
  </datafield>
  <datafield tag="810" ind1=" " ind2=" ">
    <subfield code="a">Expédition Chomo Lonzo 2005 - http://www.ffme.fr/expedition/chomolonzo2005 (2006-01-24)</subfield>
  </datafield>
  <datafield tag="915" ind1=" " ind2=" ">
    <subfield code="a">Chomo Lönzo (Chine ; mont)</subfield>
  </datafield>
</record>