


<record>
  <leader>     cx  c22     3  45  </leader>
  <controlfield tag="001">159210593</controlfield>
  <controlfield tag="003">http://www.idref.fr/159210593</controlfield>
  <controlfield tag="004">20120313</controlfield>
  <controlfield tag="005">20120606144217.000</controlfield>
  <controlfield tag="006">452342103</controlfield>
  <controlfield tag="007">1999</controlfield>
  <controlfield tag="008">Tg5</controlfield>
  <datafield tag="035" ind1=" " ind2=" ">
    <subfield code="a">FRBNF165379816</subfield>
  </datafield>
  <datafield tag="100" ind1=" " ind2=" ">
    <subfield code="a">20120313afrey50      ba0</subfield>
  </datafield>
  <datafield tag="106" ind1=" " ind2=" ">
    <subfield code="a">2</subfield>
    <subfield code="b">0</subfield>
    <subfield code="c">0</subfield>
  </datafield>
  <datafield tag="152" ind1=" " ind2=" ">
    <subfield code="b">rameau</subfield>
  </datafield>
  <datafield tag="215" ind1=" " ind2=" ">
    <subfield code="7">ba0yba0y</subfield>
    <subfield code="9">1</subfield>
    <subfield code="a">Adriatique, Îles de l&apos;</subfield>
  </datafield>
  <datafield tag="330" ind1="1" ind2=" ">
    <subfield code="7">ba0yba0y</subfield>
    <subfield code="a">Emploi direct en subdivision : [Sujet] -- Adriatique, Îles de l&apos;</subfield>
  </datafield>
  <datafield tag="450" ind1=" " ind2=" ">
    <subfield code="7">ba0yba0y</subfield>
    <subfield code="9">1</subfield>
    <subfield code="a">Îles</subfield>
    <subfield code="y">Adriatique</subfield>
    <subfield code="y">Adriatique (mer)</subfield>
  </datafield>
  <datafield tag="801" ind1=" " ind2="3">
    <subfield code="a">FR</subfield>
    <subfield code="b">Abes</subfield>
    <subfield code="c">20120606</subfield>
    <subfield code="g">AFNOR</subfield>
  </datafield>
  <datafield tag="915" ind1=" " ind2=" ">
    <subfield code="a">Adriatique, Îles de l&apos;</subfield>
  </datafield>
  <datafield tag="951" ind1=" " ind2=" ">
    <subfield code="a">Îles -- Adriatique -- Adriatique (mer)</subfield>
  </datafield>
</record>