


<record>
  <leader>     cx  c22     3  45  </leader>
  <controlfield tag="001">159323215</controlfield>
  <controlfield tag="003">http://www.idref.fr/159323215</controlfield>
  <controlfield tag="004">20120319</controlfield>
  <controlfield tag="005">20190520165337.000</controlfield>
  <controlfield tag="006">751132305</controlfield>
  <controlfield tag="007">341720001</controlfield>
  <controlfield tag="008">Tg5</controlfield>
  <datafield tag="100" ind1=" " ind2=" ">
    <subfield code="a">20120319afrey50      ba0</subfield>
  </datafield>
  <datafield tag="102" ind1=" " ind2=" ">
    <subfield code="a">EG</subfield>
  </datafield>
  <datafield tag="106" ind1=" " ind2=" ">
    <subfield code="a">2</subfield>
    <subfield code="b">0</subfield>
    <subfield code="c">0</subfield>
  </datafield>
  <datafield tag="123" ind1=" " ind2=" ">
    <subfield code="q">31.190579</subfield>
    <subfield code="r">31.203645</subfield>
    <subfield code="s">29.905795</subfield>
    <subfield code="t">29.900283</subfield>
  </datafield>
  <datafield tag="152" ind1=" " ind2=" ">
    <subfield code="b">rameau</subfield>
  </datafield>
  <datafield tag="215" ind1=" " ind2=" ">
    <subfield code="7">ba0yba0y</subfield>
    <subfield code="8">frefre</subfield>
    <subfield code="9">#</subfield>
    <subfield code="a">Abou Ghourab (Égypte ; site archéologique)</subfield>
  </datafield>
  <datafield tag="356" ind1=" " ind2=" ">
    <subfield code="7">ba0yba0y</subfield>
    <subfield code="a">Site archéologique situé au nord de Saqqara</subfield>
  </datafield>
  <datafield tag="415" ind1=" " ind2=" ">
    <subfield code="7">ba0yba0y</subfield>
    <subfield code="8">frefre</subfield>
    <subfield code="9">#</subfield>
    <subfield code="a">Abou Gourob (Égypte ; site archéologique)</subfield>
  </datafield>
  <datafield tag="415" ind1=" " ind2=" ">
    <subfield code="7">ba0yba0y</subfield>
    <subfield code="9">#</subfield>
    <subfield code="a">(ابو غراب ( مصر؛ منطقة أثرية</subfield>
  </datafield>
  <datafield tag="415" ind1=" " ind2=" ">
    <subfield code="7">ba0yba0a</subfield>
    <subfield code="9">#</subfield>
    <subfield code="a">Abū Ġurāb (Égypte ; site archéologique)</subfield>
  </datafield>
  <datafield tag="415" ind1=" " ind2=" ">
    <subfield code="7">ba0yba0y</subfield>
    <subfield code="8">frefre</subfield>
    <subfield code="9">#</subfield>
    <subfield code="a">Abou Ghorab (Égypte ; site archéologique)</subfield>
  </datafield>
  <datafield tag="415" ind1=" " ind2=" ">
    <subfield code="7">ba0yba0y</subfield>
    <subfield code="8">frefre</subfield>
    <subfield code="9">#</subfield>
    <subfield code="a">Abu Gurab (Égypte ; site archéologique)</subfield>
  </datafield>
  <datafield tag="415" ind1=" " ind2=" ">
    <subfield code="7">ba0yba0y</subfield>
    <subfield code="8">frefre</subfield>
    <subfield code="9">#</subfield>
    <subfield code="a">Abu Gurob (Égypte ; site archéologique)</subfield>
  </datafield>
  <datafield tag="515" ind1=" " ind2=" ">
    <subfield code="3">197685781</subfield>
    <subfield code="7">ba0yba0y</subfield>
    <subfield code="a">Abou Ghourab (Égypte ; site archéologique)</subfield>
    <subfield code="x">Temple solaire Niuserre</subfield>
  </datafield>
  <datafield tag="515" ind1=" " ind2=" ">
    <subfield code="3">197701817</subfield>
    <subfield code="7">ba0yba0y</subfield>
    <subfield code="a">Abou Ghourab (Égypte ; site archéologique)</subfield>
    <subfield code="x">Temple solaire Ouserkaf</subfield>
  </datafield>
  <datafield tag="515" ind1=" " ind2=" ">
    <subfield code="3">027232980</subfield>
    <subfield code="5">g|xxx</subfield>
    <subfield code="7">ba0yba0y</subfield>
    <subfield code="a">Égypte</subfield>
    <subfield code="x">Antiquités</subfield>
  </datafield>
  <datafield tag="686" ind1=" " ind2=" ">
    <subfield code="a">ArchéoRef</subfield>
    <subfield code="2">IFAO</subfield>
  </datafield>
  <datafield tag="801" ind1=" " ind2="3">
    <subfield code="a">FR</subfield>
    <subfield code="b">Abes</subfield>
    <subfield code="c">20190520</subfield>
    <subfield code="g">AFNOR</subfield>
  </datafield>
  <datafield tag="810" ind1=" " ind2=" ">
    <subfield code="a">Internet, http://www.egyptologues.net/orientalia, 2012-03-19</subfield>
    <subfield code="b">Orientalia, Chaire d&apos;égyptologie du Collège de France</subfield>
  </datafield>
  <datafield tag="915" ind1=" " ind2=" ">
    <subfield code="a">Abou Ghourab (Égypte ; site archéologique)</subfield>
  </datafield>
  <datafield tag="916" ind1=" " ind2=" ">
    <subfield code="a">Abou Gourob (Égypte ; site archéologique)</subfield>
  </datafield>
  <datafield tag="916" ind1=" " ind2=" ">
    <subfield code="a">(ابو غراب ( مصر؛ منطقة أثرية</subfield>
  </datafield>
  <datafield tag="916" ind1=" " ind2=" ">
    <subfield code="a">Abū Ġurāb (Égypte ; site archéologique)</subfield>
  </datafield>
  <datafield tag="916" ind1=" " ind2=" ">
    <subfield code="a">Abou Ghorab (Égypte ; site archéologique)</subfield>
  </datafield>
  <datafield tag="916" ind1=" " ind2=" ">
    <subfield code="a">Abu Gurab (Égypte ; site archéologique)</subfield>
  </datafield>
  <datafield tag="916" ind1=" " ind2=" ">
    <subfield code="a">Abu Gurob (Égypte ; site archéologique)</subfield>
  </datafield>
</record>