


<record>
  <leader>     cx  c22     3  45  </leader>
  <controlfield tag="001">190064951</controlfield>
  <controlfield tag="003">http://www.idref.fr/190064951</controlfield>
  <controlfield tag="004">20151208</controlfield>
  <controlfield tag="005">20190606174325.000</controlfield>
  <controlfield tag="006">674821001</controlfield>
  <controlfield tag="007">751132108</controlfield>
  <controlfield tag="008">Tg5</controlfield>
  <datafield tag="100" ind1=" " ind2=" ">
    <subfield code="a">20151208afrey50      ba0</subfield>
  </datafield>
  <datafield tag="102" ind1=" " ind2=" ">
    <subfield code="a">DE</subfield>
  </datafield>
  <datafield tag="106" ind1=" " ind2=" ">
    <subfield code="a">2</subfield>
    <subfield code="b">0</subfield>
    <subfield code="c">0</subfield>
  </datafield>
  <datafield tag="152" ind1=" " ind2=" ">
    <subfield code="b">rameau</subfield>
  </datafield>
  <datafield tag="215" ind1=" " ind2=" ">
    <subfield code="7">ba0yba0y</subfield>
    <subfield code="9">1</subfield>
    <subfield code="a">Leipzig (Allemagne)</subfield>
  </datafield>
  <datafield tag="801" ind1=" " ind2="3">
    <subfield code="a">FR</subfield>
    <subfield code="b">Abes</subfield>
    <subfield code="c">20190606</subfield>
    <subfield code="g">AFNOR</subfield>
  </datafield>
  <datafield tag="810" ind1=" " ind2=" ">
    <subfield code="a">100 x Leipzig : tausend Jahre Geschichte / [Herausgeber: Volker Rodekamp],  cop. 2015</subfield>
  </datafield>
  <datafield tag="915" ind1=" " ind2=" ">
    <subfield code="a">Leipzig (Allemagne)</subfield>
  </datafield>
</record>