


<record>
  <leader>     cx  c22     3  45  </leader>
  <controlfield tag="001">22221905X</controlfield>
  <controlfield tag="003">http://www.idref.fr/22221905X</controlfield>
  <controlfield tag="004">20180105</controlfield>
  <controlfield tag="005">20181222134422.000</controlfield>
  <controlfield tag="006">341720001</controlfield>
  <controlfield tag="007">341720001</controlfield>
  <controlfield tag="008">Tg5</controlfield>
  <datafield tag="033" ind1=" " ind2=" ">
    <subfield code="a">http://catalogue.bnf.fr/ark:/12148/cb13537418x</subfield>
    <subfield code="2">BNF</subfield>
    <subfield code="d">20150921</subfield>
  </datafield>
  <datafield tag="035" ind1=" " ind2=" ">
    <subfield code="a">FRBNF13537418X</subfield>
    <subfield code="z">FRBNF13537418</subfield>
  </datafield>
  <datafield tag="035" ind1=" " ind2=" ">
    <subfield code="a">frBN014721537</subfield>
  </datafield>
  <datafield tag="100" ind1=" " ind2=" ">
    <subfield code="a">20180105afrey50      ba0</subfield>
  </datafield>
  <datafield tag="106" ind1=" " ind2=" ">
    <subfield code="a">2</subfield>
    <subfield code="b">0</subfield>
    <subfield code="c">0</subfield>
  </datafield>
  <datafield tag="152" ind1=" " ind2=" ">
    <subfield code="b">rameau</subfield>
  </datafield>
  <datafield tag="215" ind1=" " ind2=" ">
    <subfield code="7">ba0yba0y</subfield>
    <subfield code="9">#</subfield>
    <subfield code="a">Weddell, Mer de (Antarctique)</subfield>
  </datafield>
  <datafield tag="801" ind1=" " ind2="0">
    <subfield code="a">FR</subfield>
    <subfield code="b">BnF</subfield>
    <subfield code="c">19991207</subfield>
  </datafield>
  <datafield tag="801" ind1=" " ind2="3">
    <subfield code="a">FR</subfield>
    <subfield code="b">Abes</subfield>
    <subfield code="c">20181222</subfield>
    <subfield code="g">AFNOR</subfield>
  </datafield>
  <datafield tag="822" ind1=" " ind2=" ">
    <subfield code="a">Weddell Sea (Antarctica)</subfield>
    <subfield code="v">LCSH (en ligne), 1999-12-07</subfield>
  </datafield>
  <datafield tag="915" ind1=" " ind2=" ">
    <subfield code="a">Weddell, Mer de (Antarctique)</subfield>
  </datafield>
</record>