


<record>
  <leader>     cx  b22     3  45  </leader>
  <controlfield tag="001">026360608</controlfield>
  <controlfield tag="003">http://www.idref.fr/026360608</controlfield>
  <controlfield tag="004">19840116</controlfield>
  <controlfield tag="005">20181003192313.000</controlfield>
  <controlfield tag="006">0004</controlfield>
  <controlfield tag="007">9999</controlfield>
  <controlfield tag="008">Tb5</controlfield>
  <datafield tag="033" ind1=" " ind2=" ">
    <subfield code="a">http://catalogue.bnf.fr/ark:/12148/cb11862380q</subfield>
    <subfield code="2">BNF</subfield>
    <subfield code="d">20150918</subfield>
  </datafield>
  <datafield tag="035" ind1=" " ind2=" ">
    <subfield code="a">172396506</subfield>
    <subfield code="9">sudoc</subfield>
  </datafield>
  <datafield tag="035" ind1=" " ind2=" ">
    <subfield code="a">frBN000003046</subfield>
  </datafield>
  <datafield tag="035" ind1=" " ind2=" ">
    <subfield code="a">FRBNF118623803</subfield>
    <subfield code="z">FRBNF11862380</subfield>
  </datafield>
  <datafield tag="100" ind1=" " ind2=" ">
    <subfield code="a">19840116afrey50      ba0</subfield>
  </datafield>
  <datafield tag="101" ind1=" " ind2=" ">
    <subfield code="a">mul</subfield>
  </datafield>
  <datafield tag="102" ind1=" " ind2=" ">
    <subfield code="a">BE</subfield>
  </datafield>
  <datafield tag="103" ind1=" " ind2=" ">
    <subfield code="a"> 1830     </subfield>
  </datafield>
  <datafield tag="106" ind1=" " ind2=" ">
    <subfield code="a">0</subfield>
    <subfield code="b">1</subfield>
    <subfield code="c">0</subfield>
  </datafield>
  <datafield tag="150" ind1=" " ind2=" ">
    <subfield code="a">a</subfield>
  </datafield>
  <datafield tag="152" ind1=" " ind2=" ">
    <subfield code="a">AFNOR</subfield>
  </datafield>
  <datafield tag="210" ind1="0" ind2="1">
    <subfield code="7">ba0yba0y</subfield>
    <subfield code="8">frefre</subfield>
    <subfield code="9">0</subfield>
    <subfield code="a">Belgique</subfield>
  </datafield>
  <datafield tag="330" ind1="0" ind2=" ">
    <subfield code="7">ba0yba0y</subfield>
    <subfield code="a">Jusqu&apos;en 1993, les exécutifs des communautés ont été pris en sous-vedette de Belgique : Belgique. Ministère de la Communauté française, Belgique.  Ministère de l&apos;éducation et de la culture française... Après 1993, ils sont pris en sous-vedettes des communautés, comme ceux des régions sont pris en sous-vedettes des régions</subfield>
  </datafield>
  <datafield tag="340" ind1=" " ind2=" ">
    <subfield code="7">ba0yba0y</subfield>
    <subfield code="a">A partir de 1993, la Belgique est un Etat fédéral ; certaines attributions sont du ressort des communautés et régions : Communauté flamande de Belgique, Communauté française de Belgique, Communauté germanophone de Belgique ; Région de Bruxelles-capitale, Région flamande (la Communauté et la Région flamandes ont le même exécutif), Région wallonne</subfield>
  </datafield>
  <datafield tag="410" ind1="0" ind2="1">
    <subfield code="7">ba0yba0y</subfield>
    <subfield code="8">frefre</subfield>
    <subfield code="9">#</subfield>
    <subfield code="a">Royaume de Belgique</subfield>
  </datafield>
  <datafield tag="410" ind1="0" ind2="1">
    <subfield code="7">ba0yba0y</subfield>
    <subfield code="8">fredut</subfield>
    <subfield code="9">#</subfield>
    <subfield code="a">Koninkrijk België,</subfield>
  </datafield>
  <datafield tag="410" ind1="0" ind2="1">
    <subfield code="7">ba0yba0y</subfield>
    <subfield code="8">freger</subfield>
    <subfield code="9">#</subfield>
    <subfield code="a">Königreich Belgien</subfield>
  </datafield>
  <datafield tag="510" ind1="0" ind2="1">
    <subfield code="0">Avant 1831, voir</subfield>
    <subfield code="3">034191089</subfield>
    <subfield code="5">a|xxx</subfield>
    <subfield code="7">ba0yba0y</subfield>
    <subfield code="a">Pays-Bas Unis</subfield>
    <subfield code="c">Royaume</subfield>
  </datafield>
  <datafield tag="710" ind1="0" ind2="1">
    <subfield code="7">ba0yba0y</subfield>
    <subfield code="8">fredut</subfield>
    <subfield code="9">0</subfield>
    <subfield code="a">België</subfield>
  </datafield>
  <datafield tag="710" ind1="0" ind2="1">
    <subfield code="7">ba0yba0y</subfield>
    <subfield code="8">freger</subfield>
    <subfield code="9">0</subfield>
    <subfield code="a">Belgien</subfield>
  </datafield>
  <datafield tag="801" ind1=" " ind2="3">
    <subfield code="a">FR</subfield>
    <subfield code="b">Abes</subfield>
    <subfield code="c">20181003</subfield>
    <subfield code="g">AFNOR</subfield>
    <subfield code="h">172396506</subfield>
  </datafield>
  <datafield tag="810" ind1=" " ind2=" ">
    <subfield code="a">Liste IFLA des noms d&apos;Etats. La réforme de l&apos;Etat / Service fédéral d&apos;information, 1993</subfield>
  </datafield>
  <datafield tag="910" ind1=" " ind2=" ">
    <subfield code="a">Belgique</subfield>
  </datafield>
  <datafield tag="911" ind1=" " ind2=" ">
    <subfield code="a">Royaume de Belgique</subfield>
  </datafield>
  <datafield tag="911" ind1=" " ind2=" ">
    <subfield code="a">Koninkrijk België,</subfield>
  </datafield>
  <datafield tag="911" ind1=" " ind2=" ">
    <subfield code="a">Königreich Belgien</subfield>
  </datafield>
  <datafield tag="912" ind1=" " ind2=" ">
    <subfield code="a">België</subfield>
  </datafield>
  <datafield tag="912" ind1=" " ind2=" ">
    <subfield code="a">Belgien</subfield>
  </datafield>
</record>