


<record>
  <leader>     cx  c22     3  45  </leader>
  <controlfield tag="001">027218856</controlfield>
  <controlfield tag="003">http://www.idref.fr/027218856</controlfield>
  <controlfield tag="004">19810211</controlfield>
  <controlfield tag="005">20181001151459.000</controlfield>
  <controlfield tag="006">0004</controlfield>
  <controlfield tag="007">751052304</controlfield>
  <controlfield tag="008">Tg5</controlfield>
  <datafield tag="033" ind1=" " ind2=" ">
    <subfield code="a">http://catalogue.bnf.fr/ark:/12148/cb11930867z</subfield>
    <subfield code="2">BNF</subfield>
    <subfield code="d">20180115</subfield>
  </datafield>
  <datafield tag="035" ind1=" " ind2=" ">
    <subfield code="a">frBN001513931</subfield>
  </datafield>
  <datafield tag="035" ind1=" " ind2=" ">
    <subfield code="a">FRBNF119308671</subfield>
    <subfield code="z">FRBNF11930867</subfield>
  </datafield>
  <datafield tag="100" ind1=" " ind2=" ">
    <subfield code="a">19810211afrey50      ba0</subfield>
  </datafield>
  <datafield tag="106" ind1=" " ind2=" ">
    <subfield code="a">2</subfield>
    <subfield code="b">0</subfield>
    <subfield code="c">3</subfield>
  </datafield>
  <datafield tag="152" ind1=" " ind2=" ">
    <subfield code="b">rameau</subfield>
  </datafield>
  <datafield tag="215" ind1=" " ind2=" ">
    <subfield code="7">ba0yba0y</subfield>
    <subfield code="9">1</subfield>
    <subfield code="a">Allemagne</subfield>
  </datafield>
  <datafield tag="305" ind1="1" ind2=" ">
    <subfield code="7">ba0yba0y</subfield>
    <subfield code="a">Voir aussi la subdivision Et l&apos;Allemagne aux personnes et collectivités</subfield>
  </datafield>
  <datafield tag="305" ind1="1" ind2=" ">
    <subfield code="7">ba0yba0y</subfield>
    <subfield code="a">Voir aussi la subdivision Réclamations contre l&apos;Allemagne aux lieux</subfield>
  </datafield>
  <datafield tag="330" ind1="1" ind2=" ">
    <subfield code="7">ba0yba0y</subfield>
    <subfield code="a">Sous cette vedette, on trouve les ouvrages qui traitent de l&apos;Allemagne dans son ensemble : pays de langue allemande du Saint-Empire, pays de la Confédération germanique, Empire allemand et République fédérale d&apos;Allemagne depuis l&apos;unification du 3 octobre 1990. Les ouvrages sur la RFA de 1949 à 1990 se trouvent sous la vedette Allemagne (République fédérale)</subfield>
  </datafield>
  <datafield tag="330" ind1="1" ind2=" ">
    <subfield code="7">ba0yba0y</subfield>
    <subfield code="a">Attention : seules les collectivités depuis 1990 sont sous la vedette Allemagne ; les collectivités de la période 1871 à 1945 sont sous la vedette Allemagne (1871-1945) ; celles de la période 1945-1949, sous la vedette Allemagne (Zone sous occupation alliée)</subfield>
  </datafield>
  <datafield tag="415" ind1=" " ind2=" ">
    <subfield code="7">ba0yba0y</subfield>
    <subfield code="8">freger</subfield>
    <subfield code="9">#</subfield>
    <subfield code="a">BRD</subfield>
  </datafield>
  <datafield tag="415" ind1=" " ind2=" ">
    <subfield code="7">ba0yba0y</subfield>
    <subfield code="8">freger</subfield>
    <subfield code="9">#</subfield>
    <subfield code="a">Bundesrepublik Deutschland (1990-)</subfield>
  </datafield>
  <datafield tag="415" ind1=" " ind2=" ">
    <subfield code="7">ba0yba0y</subfield>
    <subfield code="8">freger</subfield>
    <subfield code="9">#</subfield>
    <subfield code="a">Deutsches Reich</subfield>
  </datafield>
  <datafield tag="415" ind1=" " ind2=" ">
    <subfield code="7">ba0yba0y</subfield>
    <subfield code="8">freger</subfield>
    <subfield code="9">#</subfield>
    <subfield code="a">Deutschland</subfield>
  </datafield>
  <datafield tag="415" ind1=" " ind2=" ">
    <subfield code="7">ba0yba0y</subfield>
    <subfield code="9">#</subfield>
    <subfield code="a">Empire allemand</subfield>
  </datafield>
  <datafield tag="415" ind1=" " ind2=" ">
    <subfield code="7">ba0yba0y</subfield>
    <subfield code="9">#</subfield>
    <subfield code="a">Reich allemand</subfield>
  </datafield>
  <datafield tag="415" ind1=" " ind2=" ">
    <subfield code="7">ba0yba0y</subfield>
    <subfield code="9">#</subfield>
    <subfield code="a">République fédérale d&apos;Allemagne (1990-)</subfield>
  </datafield>
  <datafield tag="515" ind1=" " ind2=" ">
    <subfield code="3">027223736</subfield>
    <subfield code="7">ba0yba0y</subfield>
    <subfield code="a">Allemagne (République démocratique)</subfield>
  </datafield>
  <datafield tag="515" ind1=" " ind2=" ">
    <subfield code="3">027259234</subfield>
    <subfield code="7">ba0yba0y</subfield>
    <subfield code="a">Allemagne (République fédérale)</subfield>
  </datafield>
  <datafield tag="515" ind1=" " ind2=" ">
    <subfield code="3">027598438</subfield>
    <subfield code="7">ba0yba0y</subfield>
    <subfield code="a">Germanie</subfield>
  </datafield>
  <datafield tag="515" ind1=" " ind2=" ">
    <subfield code="3">027263061</subfield>
    <subfield code="7">ba0yba0y</subfield>
    <subfield code="a">Saint Empire romain germanique</subfield>
  </datafield>
  <datafield tag="515" ind1=" " ind2=" ">
    <subfield code="3">027804151</subfield>
    <subfield code="5">g|xxx</subfield>
    <subfield code="7">ba0yba0y</subfield>
    <subfield code="a">Europe centrale</subfield>
  </datafield>
  <datafield tag="515" ind1=" " ind2=" ">
    <subfield code="3">027260461</subfield>
    <subfield code="5">g|xxx</subfield>
    <subfield code="7">ba0yba0y</subfield>
    <subfield code="a">Pays de l&apos;Union européenne</subfield>
  </datafield>
  <datafield tag="515" ind1=" " ind2=" ">
    <subfield code="3">02724606X</subfield>
    <subfield code="5">g|xxx</subfield>
    <subfield code="7">ba0yba0y</subfield>
    <subfield code="a">Pays de langue allemande</subfield>
  </datafield>
  <datafield tag="550" ind1=" " ind2=" ">
    <subfield code="3">029030617</subfield>
    <subfield code="7">ba0yba0y</subfield>
    <subfield code="a">Et l&apos;Allemagne</subfield>
  </datafield>
  <datafield tag="550" ind1=" " ind2=" ">
    <subfield code="3">032872917</subfield>
    <subfield code="7">ba0yba0y</subfield>
    <subfield code="a">Réclamations contre l&apos;Allemagne</subfield>
  </datafield>
  <datafield tag="676" ind1=" " ind2=" ">
    <subfield code="a">91</subfield>
  </datafield>
  <datafield tag="801" ind1=" " ind2="3">
    <subfield code="a">FR</subfield>
    <subfield code="b">Abes</subfield>
    <subfield code="c">20181001</subfield>
    <subfield code="g">AFNOR</subfield>
  </datafield>
  <datafield tag="810" ind1=" " ind2=" ">
    <subfield code="a">GLU, 1991</subfield>
  </datafield>
  <datafield tag="810" ind1=" " ind2=" ">
    <subfield code="a">BN ACO (en ligne), 1997-05-26. Laval RVM, 1997-02. Deutschland ; SWD, 1995-04 ; GKD, 1994-05</subfield>
  </datafield>
  <datafield tag="822" ind1=" " ind2=" ">
    <subfield code="a">Germany</subfield>
    <subfield code="v">LCNA (CD), 1996-03</subfield>
  </datafield>
  <datafield tag="915" ind1=" " ind2=" ">
    <subfield code="a">Allemagne</subfield>
  </datafield>
  <datafield tag="916" ind1=" " ind2=" ">
    <subfield code="a">BRD</subfield>
  </datafield>
  <datafield tag="916" ind1=" " ind2=" ">
    <subfield code="a">Bundesrepublik Deutschland (1990-)</subfield>
  </datafield>
  <datafield tag="916" ind1=" " ind2=" ">
    <subfield code="a">Deutsches Reich</subfield>
  </datafield>
  <datafield tag="916" ind1=" " ind2=" ">
    <subfield code="a">Deutschland</subfield>
  </datafield>
  <datafield tag="916" ind1=" " ind2=" ">
    <subfield code="a">Empire allemand</subfield>
  </datafield>
  <datafield tag="916" ind1=" " ind2=" ">
    <subfield code="a">Reich allemand</subfield>
  </datafield>
  <datafield tag="916" ind1=" " ind2=" ">
    <subfield code="a">République fédérale d&apos;Allemagne (1990-)</subfield>
  </datafield>
</record>