


<record>
  <leader>     cx  c22     3  45  </leader>
  <controlfield tag="001">027224406</controlfield>
  <controlfield tag="003">http://www.idref.fr/027224406</controlfield>
  <controlfield tag="004">19821221</controlfield>
  <controlfield tag="005">20120606141604.000</controlfield>
  <controlfield tag="006">0004</controlfield>
  <controlfield tag="007">1999</controlfield>
  <controlfield tag="008">Tg5</controlfield>
  <datafield tag="035" ind1=" " ind2=" ">
    <subfield code="a">frBN001519076</subfield>
  </datafield>
  <datafield tag="035" ind1=" " ind2=" ">
    <subfield code="a">FRBNF119312787</subfield>
    <subfield code="z">FRBNF11931278</subfield>
  </datafield>
  <datafield tag="100" ind1=" " ind2=" ">
    <subfield code="a">19821221afrey50      ba0</subfield>
  </datafield>
  <datafield tag="106" ind1=" " ind2=" ">
    <subfield code="a">2</subfield>
    <subfield code="b">0</subfield>
    <subfield code="c">3</subfield>
  </datafield>
  <datafield tag="152" ind1=" " ind2=" ">
    <subfield code="b">rameau</subfield>
  </datafield>
  <datafield tag="215" ind1=" " ind2=" ">
    <subfield code="7">ba0yba0y</subfield>
    <subfield code="9">1</subfield>
    <subfield code="a">Espagne</subfield>
  </datafield>
  <datafield tag="305" ind1="1" ind2=" ">
    <subfield code="7">ba0yba0y</subfield>
    <subfield code="a">Voir aussi la subdivision Et l&apos;Espagne aux personnes et collectivités</subfield>
  </datafield>
  <datafield tag="415" ind1=" " ind2=" ">
    <subfield code="7">ba0yba0y</subfield>
    <subfield code="8">frespa</subfield>
    <subfield code="9">#</subfield>
    <subfield code="a">España</subfield>
  </datafield>
  <datafield tag="515" ind1=" " ind2=" ">
    <subfield code="3">027234274</subfield>
    <subfield code="5">g|xxx</subfield>
    <subfield code="7">ba0yba0y</subfield>
    <subfield code="a">Ibérique, Péninsule</subfield>
  </datafield>
  <datafield tag="515" ind1=" " ind2=" ">
    <subfield code="3">027260461</subfield>
    <subfield code="5">g|xxx</subfield>
    <subfield code="7">ba0yba0y</subfield>
    <subfield code="a">Pays de l&apos;Union européenne</subfield>
  </datafield>
  <datafield tag="515" ind1=" " ind2=" ">
    <subfield code="3">027788989</subfield>
    <subfield code="5">g|xxx</subfield>
    <subfield code="7">ba0yba0y</subfield>
    <subfield code="a">Pays de langue espagnole</subfield>
  </datafield>
  <datafield tag="550" ind1=" " ind2=" ">
    <subfield code="3">027289036</subfield>
    <subfield code="7">ba0yba0y</subfield>
    <subfield code="a">Espagnols</subfield>
  </datafield>
  <datafield tag="550" ind1=" " ind2=" ">
    <subfield code="3">031265642</subfield>
    <subfield code="7">ba0yba0y</subfield>
    <subfield code="a">Et l&apos;Espagne</subfield>
  </datafield>
  <datafield tag="801" ind1=" " ind2="3">
    <subfield code="a">FR</subfield>
    <subfield code="b">Abes</subfield>
    <subfield code="c">20120606</subfield>
    <subfield code="g">AFNOR</subfield>
  </datafield>
  <datafield tag="810" ind1=" " ind2=" ">
    <subfield code="a">IFLA, Names of states, 1981. GLU, 1991</subfield>
  </datafield>
  <datafield tag="810" ind1=" " ind2=" ">
    <subfield code="a">Laval RVM, 1996-02</subfield>
  </datafield>
  <datafield tag="822" ind1=" " ind2=" ">
    <subfield code="a">Spain</subfield>
    <subfield code="v">LCNA, 1987-1992</subfield>
  </datafield>
  <datafield tag="915" ind1=" " ind2=" ">
    <subfield code="a">Espagne</subfield>
  </datafield>
  <datafield tag="916" ind1=" " ind2=" ">
    <subfield code="a">España</subfield>
  </datafield>
</record>