


<record>
  <leader>     cx  b22     3  45  </leader>
  <controlfield tag="001">098627236</controlfield>
  <controlfield tag="003">http://www.idref.fr/098627236</controlfield>
  <controlfield tag="004">20060330</controlfield>
  <controlfield tag="005">20110119111551.000</controlfield>
  <controlfield tag="006">674822118</controlfield>
  <controlfield tag="007">315552218</controlfield>
  <controlfield tag="008">Tb5</controlfield>
  <datafield tag="100" ind1=" " ind2=" ">
    <subfield code="a">20060330afrey50      ba0</subfield>
  </datafield>
  <datafield tag="101" ind1=" " ind2=" ">
    <subfield code="a">eng</subfield>
  </datafield>
  <datafield tag="102" ind1=" " ind2=" ">
    <subfield code="a">US</subfield>
  </datafield>
  <datafield tag="106" ind1=" " ind2=" ">
    <subfield code="a">0</subfield>
    <subfield code="b">1</subfield>
    <subfield code="c">0</subfield>
  </datafield>
  <datafield tag="152" ind1=" " ind2=" ">
    <subfield code="a">AFNOR</subfield>
  </datafield>
  <datafield tag="210" ind1="0" ind2="2">
    <subfield code="7">ba0yba0y</subfield>
    <subfield code="9">0</subfield>
    <subfield code="a">Oregon</subfield>
  </datafield>
  <datafield tag="340" ind1=" " ind2=" ">
    <subfield code="7">ba0yba0y</subfield>
    <subfield code="a">Oregon est le nom d&apos;un groupe d&apos;ethno-jazz américain, fondé en 1970 par les multi-instrumentistes : Ralph Towner (piano, guitare, synthétiseur, trompette, mellophone, orgue) ; Collin Walcott (sitar, tabla, conga, hammered dulcimer, sanza, mridangam, violon, esraj, guitare, marimba, surdo) ; Glen Moore (basse, flûte, harmonica) ; Paul McCandless (hautbois, clarinette, cor anglais, saxophone, penny whistle, sarrusophone). Appelé Thyme—Music of Another Present Era en ses débuts, le groupe issu du Paul Winter Consort prend très vite son nom définitif et ne devait pas changer de formation basique jusqu&apos;en 1984, où Collin Walcott décède ; il est remplacé par Trilok Gurtu, pendant cinq ans. En 1996, Mark Walker le remplace définitivement. Précurseur de la world music, le groupe profite aussi des apports classique et jazz de ses membres.</subfield>
  </datafield>
  <datafield tag="500" ind1=" " ind2="1">
    <subfield code="0">A pour membre</subfield>
    <subfield code="3">136867758</subfield>
    <subfield code="5">z|xxx</subfield>
    <subfield code="7">ba0yba0y</subfield>
    <subfield code="a">Towner</subfield>
    <subfield code="b">Ralph</subfield>
    <subfield code="f">1940-....</subfield>
  </datafield>
  <datafield tag="500" ind1=" " ind2="1">
    <subfield code="0">A pour membre</subfield>
    <subfield code="5">z|xxx</subfield>
    <subfield code="7">ba0yba0y</subfield>
    <subfield code="a">Walcott</subfield>
    <subfield code="b">Collin</subfield>
    <subfield code="f">1945-1984</subfield>
  </datafield>
  <datafield tag="500" ind1=" " ind2="1">
    <subfield code="0">A pour membre</subfield>
    <subfield code="3">133613178</subfield>
    <subfield code="5">z|xxx</subfield>
    <subfield code="7">ba0yba0y</subfield>
    <subfield code="a">Moore</subfield>
    <subfield code="b">Glen</subfield>
    <subfield code="f">1941-....</subfield>
  </datafield>
  <datafield tag="500" ind1=" " ind2="1">
    <subfield code="0">A pour membre</subfield>
    <subfield code="5">z|xxx</subfield>
    <subfield code="7">ba0yba0y</subfield>
    <subfield code="a">McCandless</subfield>
    <subfield code="b">Paul</subfield>
  </datafield>
  <datafield tag="500" ind1=" " ind2="1">
    <subfield code="0">A pour membre</subfield>
    <subfield code="3">088547914</subfield>
    <subfield code="5">z|xxx</subfield>
    <subfield code="7">ba0yba0y</subfield>
    <subfield code="a">Gurtu</subfield>
    <subfield code="b">Trilok</subfield>
    <subfield code="f">1951-....</subfield>
  </datafield>
  <datafield tag="801" ind1=" " ind2="3">
    <subfield code="a">FR</subfield>
    <subfield code="b">Abes</subfield>
    <subfield code="c">20110119</subfield>
    <subfield code="g">AFNOR</subfield>
  </datafield>
  <datafield tag="810" ind1=" " ind2=" ">
    <subfield code="a">Prime / Oregon.- 1 disque compact</subfield>
  </datafield>
  <datafield tag="810" ind1=" " ind2=" ">
    <subfield code="a">Ecotopia / Oregon, 2008</subfield>
  </datafield>
  <datafield tag="810" ind1=" " ind2=" ">
    <subfield code="a">Internet, www.fr.wikipedia.org/wiki/Oregon_(groupe)</subfield>
  </datafield>
  <datafield tag="910" ind1=" " ind2=" ">
    <subfield code="a">Oregon</subfield>
  </datafield>
</record>