


<record>
  <leader>     nx  b22     3  45  </leader>
  <controlfield tag="001">156896079</controlfield>
  <controlfield tag="003">http://www.idref.fr/156896079</controlfield>
  <controlfield tag="004">20111206</controlfield>
  <controlfield tag="005">20111206164921.000</controlfield>
  <controlfield tag="006">940682101</controlfield>
  <controlfield tag="007">940682101</controlfield>
  <controlfield tag="008">Tb5</controlfield>
  <datafield tag="100" ind1=" " ind2=" ">
    <subfield code="a">20111206afrey50      ba0</subfield>
  </datafield>
  <datafield tag="101" ind1=" " ind2=" ">
    <subfield code="a">pol</subfield>
  </datafield>
  <datafield tag="102" ind1=" " ind2=" ">
    <subfield code="a">PL</subfield>
  </datafield>
  <datafield tag="103" ind1=" " ind2=" ">
    <subfield code="a"> 1952     </subfield>
    <subfield code="b"> 1989     </subfield>
  </datafield>
  <datafield tag="106" ind1=" " ind2=" ">
    <subfield code="a">0</subfield>
    <subfield code="b">1</subfield>
    <subfield code="c">0</subfield>
  </datafield>
  <datafield tag="150" ind1=" " ind2=" ">
    <subfield code="a">a</subfield>
  </datafield>
  <datafield tag="152" ind1=" " ind2=" ">
    <subfield code="a">AFNOR</subfield>
  </datafield>
  <datafield tag="210" ind1="0" ind2="2">
    <subfield code="7">ba0yba0y</subfield>
    <subfield code="9">0</subfield>
    <subfield code="a">République populaire de Pologne</subfield>
  </datafield>
  <datafield tag="510" ind1="0" ind2="1">
    <subfield code="0">Avant 1952 et après 1989, voir</subfield>
    <subfield code="3">02658994X</subfield>
    <subfield code="5">a|xxx</subfield>
    <subfield code="7">ba0yba0y</subfield>
    <subfield code="a">Pologne</subfield>
  </datafield>
  <datafield tag="801" ind1=" " ind2="3">
    <subfield code="a">FR</subfield>
    <subfield code="b">Abes</subfield>
    <subfield code="c">20111206</subfield>
    <subfield code="g">AFNOR</subfield>
  </datafield>
  <datafield tag="910" ind1=" " ind2=" ">
    <subfield code="a">République populaire de Pologne</subfield>
  </datafield>
</record>