


<record>
  <leader>     cx  c22     3  45  </leader>
  <controlfield tag="001">027230422</controlfield>
  <controlfield tag="003">http://www.idref.fr/027230422</controlfield>
  <controlfield tag="004">19810211</controlfield>
  <controlfield tag="005">20140818144111.000</controlfield>
  <controlfield tag="006">0004</controlfield>
  <controlfield tag="007">751052101</controlfield>
  <controlfield tag="008">Tg5</controlfield>
  <datafield tag="035" ind1=" " ind2=" ">
    <subfield code="a">FRBNF119317453</subfield>
    <subfield code="z">FRBNF11931745</subfield>
  </datafield>
  <datafield tag="100" ind1=" " ind2=" ">
    <subfield code="a">19810211afrey50      ba0</subfield>
  </datafield>
  <datafield tag="102" ind1=" " ind2=" ">
    <subfield code="a">DE</subfield>
  </datafield>
  <datafield tag="106" ind1=" " ind2=" ">
    <subfield code="a">2</subfield>
    <subfield code="b">0</subfield>
    <subfield code="c">0</subfield>
  </datafield>
  <datafield tag="152" ind1=" " ind2=" ">
    <subfield code="b">rameau</subfield>
  </datafield>
  <datafield tag="215" ind1=" " ind2=" ">
    <subfield code="7">ba0yba0y</subfield>
    <subfield code="8">freger</subfield>
    <subfield code="9">0</subfield>
    <subfield code="a">Cologne (Allemagne)</subfield>
  </datafield>
  <datafield tag="415" ind1=" " ind2=" ">
    <subfield code="7">ba0yba0y</subfield>
    <subfield code="8">freger</subfield>
    <subfield code="9">#</subfield>
    <subfield code="a">Köln (Allemagne)</subfield>
  </datafield>
  <datafield tag="415" ind1=" " ind2=" ">
    <subfield code="7">ba0yba0y</subfield>
    <subfield code="8">freger</subfield>
    <subfield code="9">#</subfield>
    <subfield code="a">Koeln (Allemagne)</subfield>
  </datafield>
  <datafield tag="415" ind1=" " ind2=" ">
    <subfield code="7">ba0yba0y</subfield>
    <subfield code="8">frelat</subfield>
    <subfield code="9">#</subfield>
    <subfield code="a">Colonia Agrippinensis (ville ancienne)</subfield>
  </datafield>
  <datafield tag="515" ind1=" " ind2=" ">
    <subfield code="3">169084396</subfield>
    <subfield code="5">h|xxx</subfield>
    <subfield code="7">ba0yba0y</subfield>
    <subfield code="a">Cologne (Allemagne ; est)</subfield>
  </datafield>
  <datafield tag="801" ind1=" " ind2="3">
    <subfield code="a">FR</subfield>
    <subfield code="b">Abes</subfield>
    <subfield code="c">20140818</subfield>
    <subfield code="g">AFNOR</subfield>
  </datafield>
  <datafield tag="810" ind1=" " ind2=" ">
    <subfield code="a">GDEL. GKD, 1980</subfield>
  </datafield>
  <datafield tag="810" ind1=" " ind2=" ">
    <subfield code="a">Colonia Agrippinensis : Festschrift der 43. Versammlung deutscher Philologen und Schulmänner, 1895</subfield>
  </datafield>
  <datafield tag="915" ind1=" " ind2=" ">
    <subfield code="a">Cologne (Allemagne)</subfield>
  </datafield>
  <datafield tag="916" ind1=" " ind2=" ">
    <subfield code="a">Köln (Allemagne)</subfield>
  </datafield>
  <datafield tag="916" ind1=" " ind2=" ">
    <subfield code="a">Koeln (Allemagne)</subfield>
  </datafield>
  <datafield tag="916" ind1=" " ind2=" ">
    <subfield code="a">Colonia Agrippinensis (ville ancienne)</subfield>
  </datafield>
</record>