


<record>
  <leader>     cx  c22     3  45  </leader>
  <controlfield tag="001">027245128</controlfield>
  <controlfield tag="003">http://www.idref.fr/027245128</controlfield>
  <controlfield tag="004">19810212</controlfield>
  <controlfield tag="005">20160414152116.000</controlfield>
  <controlfield tag="006">0004</controlfield>
  <controlfield tag="007">861940002</controlfield>
  <controlfield tag="008">Tg5</controlfield>
  <datafield tag="035" ind1=" " ind2=" ">
    <subfield code="a">123601312</subfield>
    <subfield code="9">sudoc</subfield>
  </datafield>
  <datafield tag="035" ind1=" " ind2=" ">
    <subfield code="a">frBN001539933</subfield>
  </datafield>
  <datafield tag="035" ind1=" " ind2=" ">
    <subfield code="a">FRBNF11932978X</subfield>
    <subfield code="z">FRBNF11932978</subfield>
  </datafield>
  <datafield tag="100" ind1=" " ind2=" ">
    <subfield code="a">19810212afrey50      ba0</subfield>
  </datafield>
  <datafield tag="106" ind1=" " ind2=" ">
    <subfield code="a">2</subfield>
    <subfield code="b">0</subfield>
    <subfield code="c">0</subfield>
  </datafield>
  <datafield tag="123" ind1=" " ind2=" ">
    <subfield code="d">e0002025</subfield>
    <subfield code="e">e0002025</subfield>
    <subfield code="f">n0463448</subfield>
    <subfield code="g">n0463448</subfield>
    <subfield code="q">0.340375</subfield>
    <subfield code="r">0.340375</subfield>
    <subfield code="s">46.580224</subfield>
    <subfield code="t">46.580224</subfield>
  </datafield>
  <datafield tag="152" ind1=" " ind2=" ">
    <subfield code="b">rameau</subfield>
  </datafield>
  <datafield tag="215" ind1=" " ind2=" ">
    <subfield code="7">ba0yba0y</subfield>
    <subfield code="9">1</subfield>
    <subfield code="a">Poitiers (Vienne)</subfield>
  </datafield>
  <datafield tag="415" ind1=" " ind2=" ">
    <subfield code="7">ba0yba0y</subfield>
    <subfield code="9">1</subfield>
    <subfield code="a">Limonum (ville ancienne)</subfield>
  </datafield>
  <datafield tag="801" ind1=" " ind2="3">
    <subfield code="a">FR</subfield>
    <subfield code="b">Abes</subfield>
    <subfield code="c">20160414</subfield>
    <subfield code="g">AFNOR</subfield>
    <subfield code="h">123601312</subfield>
  </datafield>
  <datafield tag="810" ind1=" " ind2=" ">
    <subfield code="a">Dict. communes, 1984. GDEL</subfield>
  </datafield>
  <datafield tag="915" ind1=" " ind2=" ">
    <subfield code="a">Poitiers (Vienne)</subfield>
  </datafield>
  <datafield tag="916" ind1=" " ind2=" ">
    <subfield code="a">Limonum (ville ancienne)</subfield>
  </datafield>
</record>