


<record>
  <leader>     cx  c22     3  45  </leader>
  <controlfield tag="001">027277372</controlfield>
  <controlfield tag="003">http://www.idref.fr/027277372</controlfield>
  <controlfield tag="004">19810226</controlfield>
  <controlfield tag="005">20120606141615.000</controlfield>
  <controlfield tag="006">0004</controlfield>
  <controlfield tag="007">1999</controlfield>
  <controlfield tag="008">Tg5</controlfield>
  <datafield tag="035" ind1=" " ind2=" ">
    <subfield code="a">frBN001569645</subfield>
  </datafield>
  <datafield tag="035" ind1=" " ind2=" ">
    <subfield code="a">FRBNF119354334</subfield>
    <subfield code="z">FRBNF11935433</subfield>
  </datafield>
  <datafield tag="100" ind1=" " ind2=" ">
    <subfield code="a">19810226afrey50      ba0</subfield>
  </datafield>
  <datafield tag="106" ind1=" " ind2=" ">
    <subfield code="a">2</subfield>
    <subfield code="b">0</subfield>
    <subfield code="c">0</subfield>
  </datafield>
  <datafield tag="152" ind1=" " ind2=" ">
    <subfield code="b">rameau</subfield>
  </datafield>
  <datafield tag="215" ind1=" " ind2=" ">
    <subfield code="7">ba0yba0y</subfield>
    <subfield code="9">1</subfield>
    <subfield code="a">Constantinople</subfield>
  </datafield>
  <datafield tag="330" ind1="1" ind2=" ">
    <subfield code="7">ba0yba0y</subfield>
    <subfield code="a">Sous cette vedette on trouve les ouvrages qui traitent de Constantinople de sa fondation par Constantin en 330 jusqu&apos;en 1453. Les ouvrages qui traitent de la ville avant 330 ou après 1453 se trouvent respectivement sous les vedettes Byzance et Istanbul (Turquie), bien que les Occidentaux aient appelé la ville Constantinople jusqu&apos;à la chute de l&apos;empire ottoman (1924)</subfield>
  </datafield>
  <datafield tag="330" ind1="1" ind2=" ">
    <subfield code="7">ba0yba0y</subfield>
    <subfield code="a">Emploi indirect en subdivision : [Sujet] -- Turquie -- Constantinople</subfield>
  </datafield>
  <datafield tag="515" ind1=" " ind2=" ">
    <subfield code="3">027463443</subfield>
    <subfield code="7">ba0yba0y</subfield>
    <subfield code="a">Byzance</subfield>
  </datafield>
  <datafield tag="515" ind1=" " ind2=" ">
    <subfield code="3">027617475</subfield>
    <subfield code="7">ba0yba0y</subfield>
    <subfield code="a">Istanbul (Turquie)</subfield>
  </datafield>
  <datafield tag="515" ind1=" " ind2=" ">
    <subfield code="3">027472906</subfield>
    <subfield code="5">g|xxx</subfield>
    <subfield code="7">ba0yba0y</subfield>
    <subfield code="a">Empire byzantin</subfield>
  </datafield>
  <datafield tag="801" ind1=" " ind2="3">
    <subfield code="a">FR</subfield>
    <subfield code="b">Abes</subfield>
    <subfield code="c">20120606</subfield>
    <subfield code="g">AFNOR</subfield>
  </datafield>
  <datafield tag="810" ind1=" " ind2=" ">
    <subfield code="a">GDEL. Grande encycl.</subfield>
  </datafield>
  <datafield tag="915" ind1=" " ind2=" ">
    <subfield code="a">Constantinople</subfield>
  </datafield>
</record>