


<record>
  <leader>     cx  c22     3  45  </leader>
  <controlfield tag="001">027463443</controlfield>
  <controlfield tag="003">http://www.idref.fr/027463443</controlfield>
  <controlfield tag="004">19840426</controlfield>
  <controlfield tag="005">20180117040237.000</controlfield>
  <controlfield tag="006">0004</controlfield>
  <controlfield tag="007">4994</controlfield>
  <controlfield tag="008">Tg5</controlfield>
  <datafield tag="033" ind1=" " ind2=" ">
    <subfield code="a">http://catalogue.bnf.fr/ark:/12148/cb11949884x</subfield>
    <subfield code="2">BNF</subfield>
    <subfield code="d">20180115</subfield>
  </datafield>
  <datafield tag="035" ind1=" " ind2=" ">
    <subfield code="a">frBN001761873</subfield>
  </datafield>
  <datafield tag="035" ind1=" " ind2=" ">
    <subfield code="a">FRBNF119498847</subfield>
    <subfield code="z">FRBNF11949884</subfield>
  </datafield>
  <datafield tag="100" ind1=" " ind2=" ">
    <subfield code="a">19840426afrey50      ba0</subfield>
  </datafield>
  <datafield tag="106" ind1=" " ind2=" ">
    <subfield code="a">2</subfield>
    <subfield code="b">0</subfield>
    <subfield code="c">0</subfield>
  </datafield>
  <datafield tag="152" ind1=" " ind2=" ">
    <subfield code="b">rameau</subfield>
  </datafield>
  <datafield tag="215" ind1=" " ind2=" ">
    <subfield code="7">ba0yba0y</subfield>
    <subfield code="9">1</subfield>
    <subfield code="a">Byzance</subfield>
  </datafield>
  <datafield tag="330" ind1="1" ind2=" ">
    <subfield code="7">ba0yba0y</subfield>
    <subfield code="a">Sous cette vedette on trouve les ouvrages qui traitent de la ville de Byzance, fondée par les Mégariens au 7e siècle av. J.-C. jusqu&apos;à sa transformation en capitale par Constantin en 330. Les ouvrages qui traitent de Byzance après 330 se trouvent sous les vedettes Constantinople et Istanbul (Turquie). Les ouvrages qui traitent de l&apos;empire de Byzance, de 395 à 1453, se trouvent sous la vedette Empire byzantin</subfield>
  </datafield>
  <datafield tag="330" ind1="1" ind2=" ">
    <subfield code="7">ba0yba0y</subfield>
    <subfield code="a">Emploi indirect en subdivision : [Sujet] -- Turquie -- Byzance</subfield>
  </datafield>
  <datafield tag="415" ind1=" " ind2=" ">
    <subfield code="7">ba0yba0y</subfield>
    <subfield code="9">1</subfield>
    <subfield code="a">Byzantium (ville ancienne)</subfield>
  </datafield>
  <datafield tag="515" ind1=" " ind2=" ">
    <subfield code="3">027277372</subfield>
    <subfield code="7">ba0yba0y</subfield>
    <subfield code="a">Constantinople</subfield>
  </datafield>
  <datafield tag="515" ind1=" " ind2=" ">
    <subfield code="3">027617475</subfield>
    <subfield code="7">ba0yba0y</subfield>
    <subfield code="a">Istanbul (Turquie)</subfield>
  </datafield>
  <datafield tag="801" ind1=" " ind2="3">
    <subfield code="a">FR</subfield>
    <subfield code="b">Abes</subfield>
    <subfield code="c">20180117</subfield>
    <subfield code="g">AFNOR</subfield>
  </datafield>
  <datafield tag="810" ind1=" " ind2=" ">
    <subfield code="a">GDEL</subfield>
  </datafield>
  <datafield tag="915" ind1=" " ind2=" ">
    <subfield code="a">Byzance</subfield>
  </datafield>
  <datafield tag="916" ind1=" " ind2=" ">
    <subfield code="a">Byzantium (ville ancienne)</subfield>
  </datafield>
</record>