


<record>
  <leader>     cx  c22     3  45  </leader>
  <controlfield tag="001">027472906</controlfield>
  <controlfield tag="003">http://www.idref.fr/027472906</controlfield>
  <controlfield tag="004">19830131</controlfield>
  <controlfield tag="005">20120606141705.000</controlfield>
  <controlfield tag="006">0004</controlfield>
  <controlfield tag="007">1999</controlfield>
  <controlfield tag="008">Tg5</controlfield>
  <datafield tag="035" ind1=" " ind2=" ">
    <subfield code="a">frBN001772371</subfield>
  </datafield>
  <datafield tag="035" ind1=" " ind2=" ">
    <subfield code="a">FRBNF119505843</subfield>
    <subfield code="z">FRBNF11950584</subfield>
  </datafield>
  <datafield tag="100" ind1=" " ind2=" ">
    <subfield code="a">19830131afrey50      ba0</subfield>
  </datafield>
  <datafield tag="106" ind1=" " ind2=" ">
    <subfield code="a">2</subfield>
    <subfield code="b">0</subfield>
    <subfield code="c">0</subfield>
  </datafield>
  <datafield tag="152" ind1=" " ind2=" ">
    <subfield code="b">rameau</subfield>
  </datafield>
  <datafield tag="215" ind1=" " ind2=" ">
    <subfield code="7">ba0yba0y</subfield>
    <subfield code="9">1</subfield>
    <subfield code="a">Empire byzantin</subfield>
  </datafield>
  <datafield tag="330" ind1="1" ind2=" ">
    <subfield code="7">ba0yba0y</subfield>
    <subfield code="a">Sous cette vedette on trouve les ouvrages qui traitent de l&apos;empire byzantin, de 395 à 1453. Les ouvrages qui traitent de la ville de Byzance avant 330 se trouvent sous la vedette Byzance</subfield>
  </datafield>
  <datafield tag="415" ind1=" " ind2=" ">
    <subfield code="7">ba0yba0y</subfield>
    <subfield code="9">1</subfield>
    <subfield code="a">Byzantin, Empire</subfield>
  </datafield>
  <datafield tag="415" ind1=" " ind2=" ">
    <subfield code="7">ba0yba0y</subfield>
    <subfield code="9">1</subfield>
    <subfield code="a">Empire d&apos;Orient</subfield>
  </datafield>
  <datafield tag="415" ind1=" " ind2=" ">
    <subfield code="7">ba0yba0y</subfield>
    <subfield code="9">1</subfield>
    <subfield code="a">Empire romain d&apos;Orient</subfield>
  </datafield>
  <datafield tag="415" ind1=" " ind2=" ">
    <subfield code="7">ba0yba0y</subfield>
    <subfield code="9">1</subfield>
    <subfield code="a">Orient, Empire d&apos;</subfield>
  </datafield>
  <datafield tag="515" ind1=" " ind2=" ">
    <subfield code="3">027433749</subfield>
    <subfield code="7">ba0yba0y</subfield>
    <subfield code="a">Grèce</subfield>
    <subfield code="z">323-1453 (Moyen âge)</subfield>
  </datafield>
  <datafield tag="515" ind1=" " ind2=" ">
    <subfield code="3">027486885</subfield>
    <subfield code="7">ba0yba0y</subfield>
    <subfield code="a">Romanie</subfield>
  </datafield>
  <datafield tag="515" ind1=" " ind2=" ">
    <subfield code="3">029230195</subfield>
    <subfield code="7">ba0yba0y</subfield>
    <subfield code="a">Turquie</subfield>
    <subfield code="z">Jusqu&apos;à 1453</subfield>
  </datafield>
  <datafield tag="515" ind1=" " ind2=" ">
    <subfield code="3">034938869</subfield>
    <subfield code="7">ba0yba0y</subfield>
    <subfield code="a">Rome</subfield>
    <subfield code="x">Provinces orientales</subfield>
  </datafield>
  <datafield tag="515" ind1=" " ind2=" ">
    <subfield code="3">027788210</subfield>
    <subfield code="5">g|xxx</subfield>
    <subfield code="7">ba0yba0y</subfield>
    <subfield code="a">Orient</subfield>
  </datafield>
  <datafield tag="550" ind1=" " ind2=" ">
    <subfield code="3">027329925</subfield>
    <subfield code="5">g|xxx</subfield>
    <subfield code="7">ba0yba0y</subfield>
    <subfield code="a">Histoire médiévale</subfield>
  </datafield>
  <datafield tag="801" ind1=" " ind2="3">
    <subfield code="a">FR</subfield>
    <subfield code="b">Abes</subfield>
    <subfield code="c">20120606</subfield>
    <subfield code="g">AFNOR</subfield>
  </datafield>
  <datafield tag="810" ind1=" " ind2=" ">
    <subfield code="a">GDEL. Laval RVM, 1991-02</subfield>
  </datafield>
  <datafield tag="822" ind1=" " ind2=" ">
    <subfield code="a">Byzantine Empire</subfield>
    <subfield code="v">LCSH, 1991-03</subfield>
  </datafield>
  <datafield tag="915" ind1=" " ind2=" ">
    <subfield code="a">Empire byzantin</subfield>
  </datafield>
  <datafield tag="916" ind1=" " ind2=" ">
    <subfield code="a">Byzantin, Empire</subfield>
  </datafield>
  <datafield tag="916" ind1=" " ind2=" ">
    <subfield code="a">Empire d&apos;Orient</subfield>
  </datafield>
  <datafield tag="916" ind1=" " ind2=" ">
    <subfield code="a">Empire romain d&apos;Orient</subfield>
  </datafield>
  <datafield tag="916" ind1=" " ind2=" ">
    <subfield code="a">Orient, Empire d&apos;</subfield>
  </datafield>
</record>