


<record>
  <leader>     cx  c22     3  45  </leader>
  <controlfield tag="001">027603016</controlfield>
  <controlfield tag="003">http://www.idref.fr/027603016</controlfield>
  <controlfield tag="004">19840217</controlfield>
  <controlfield tag="005">20190521155334.000</controlfield>
  <controlfield tag="006">0004</controlfield>
  <controlfield tag="007">751052101</controlfield>
  <controlfield tag="008">Tg5</controlfield>
  <datafield tag="035" ind1=" " ind2=" ">
    <subfield code="a">frBN001909197</subfield>
  </datafield>
  <datafield tag="035" ind1=" " ind2=" ">
    <subfield code="a">FRBNF119607481</subfield>
    <subfield code="z">FRBNF11960748</subfield>
  </datafield>
  <datafield tag="100" ind1=" " ind2=" ">
    <subfield code="a">19840217afrey50      ba0</subfield>
  </datafield>
  <datafield tag="101" ind1=" " ind2=" ">
    <subfield code="a">eng</subfield>
  </datafield>
  <datafield tag="102" ind1=" " ind2=" ">
    <subfield code="a">GB</subfield>
  </datafield>
  <datafield tag="106" ind1=" " ind2=" ">
    <subfield code="a">2</subfield>
    <subfield code="b">0</subfield>
    <subfield code="c">0</subfield>
  </datafield>
  <datafield tag="123" ind1=" " ind2=" ">
    <subfield code="d">w0020553</subfield>
    <subfield code="e">w0020553</subfield>
    <subfield code="f">n0570837</subfield>
    <subfield code="g">n0570837</subfield>
  </datafield>
  <datafield tag="152" ind1=" " ind2=" ">
    <subfield code="b">rameau</subfield>
  </datafield>
  <datafield tag="215" ind1=" " ind2=" ">
    <subfield code="7">ba0yba0y</subfield>
    <subfield code="8">freeng</subfield>
    <subfield code="9">1</subfield>
    <subfield code="a">Aberdeen (Écosse, GB)</subfield>
  </datafield>
  <datafield tag="801" ind1=" " ind2="3">
    <subfield code="a">FR</subfield>
    <subfield code="b">Abes</subfield>
    <subfield code="c">20190521</subfield>
    <subfield code="g">AFNOR</subfield>
  </datafield>
  <datafield tag="810" ind1=" " ind2=" ">
    <subfield code="a">http://www.geonames.org/, 2019-05-21</subfield>
    <subfield code="b">coordonnées géographiques</subfield>
  </datafield>
  <datafield tag="915" ind1=" " ind2=" ">
    <subfield code="a">Aberdeen (Écosse, GB)</subfield>
  </datafield>
</record>