


<record>
  <leader>     cx  c22     3  45  </leader>
  <controlfield tag="001">066838436</controlfield>
  <controlfield tag="003">http://www.idref.fr/066838436</controlfield>
  <controlfield tag="004">19980409</controlfield>
  <controlfield tag="005">20160205100505.000</controlfield>
  <controlfield tag="006">0004</controlfield>
  <controlfield tag="007">991272301</controlfield>
  <controlfield tag="008">Tg5</controlfield>
  <datafield tag="035" ind1=" " ind2=" ">
    <subfield code="a">frBN015626939</subfield>
  </datafield>
  <datafield tag="100" ind1=" " ind2=" ">
    <subfield code="a">19980409afrey50      ba0</subfield>
  </datafield>
  <datafield tag="106" ind1=" " ind2=" ">
    <subfield code="a">2</subfield>
    <subfield code="b">0</subfield>
    <subfield code="c">0</subfield>
  </datafield>
  <datafield tag="123" ind1=" " ind2=" ">
    <subfield code="d">e0115552</subfield>
    <subfield code="e">e0115552</subfield>
    <subfield code="f">n0423527</subfield>
    <subfield code="g">n0423527</subfield>
    <subfield code="q">11.932775</subfield>
    <subfield code="r">11.932775</subfield>
    <subfield code="s">42.593653</subfield>
    <subfield code="t">42.593653</subfield>
  </datafield>
  <datafield tag="152" ind1=" " ind2=" ">
    <subfield code="b">rameau</subfield>
  </datafield>
  <datafield tag="215" ind1=" " ind2=" ">
    <subfield code="7">ba0yba0y</subfield>
    <subfield code="9">1</subfield>
    <subfield code="a">Bolsena, Lac de (Italie)</subfield>
  </datafield>
  <datafield tag="300" ind1="1" ind2=" ">
    <subfield code="7">ba0yba0y</subfield>
    <subfield code="a">Au sud de Bolsena, dans le Latium. Des fouilles ont permis d&apos;identifier un village de l&apos;âge du bronze et une nécropole villanovienne du 7e siècle av. J.-C</subfield>
  </datafield>
  <datafield tag="356" ind1=" " ind2=" ">
    <subfield code="7">ba0yba0y</subfield>
    <subfield code="a">Note sur la géolocalisation : référence cartographique : Google Earth ; précision : point central</subfield>
  </datafield>
  <datafield tag="415" ind1=" " ind2=" ">
    <subfield code="7">ba0yba0y</subfield>
    <subfield code="8">frelat</subfield>
    <subfield code="9">1</subfield>
    <subfield code="a">Lacus volsiniensis (Italie)</subfield>
  </datafield>
  <datafield tag="415" ind1=" " ind2=" ">
    <subfield code="7">ba0yba0y</subfield>
    <subfield code="8">frelat</subfield>
    <subfield code="9">1</subfield>
    <subfield code="a">Volsiniensis, Lacus (Italie)</subfield>
  </datafield>
  <datafield tag="550" ind1=" " ind2=" ">
    <subfield code="3">028203550</subfield>
    <subfield code="5">g|xxx</subfield>
    <subfield code="7">ba0yba0y</subfield>
    <subfield code="a">Lacs</subfield>
    <subfield code="y">Italie</subfield>
  </datafield>
  <datafield tag="676" ind1=" " ind2=" ">
    <subfield code="a">914</subfield>
  </datafield>
  <datafield tag="686" ind1=" " ind2=" ">
    <subfield code="a">ArchéoRef</subfield>
    <subfield code="2">EFR</subfield>
  </datafield>
  <datafield tag="801" ind1=" " ind2="3">
    <subfield code="a">FR</subfield>
    <subfield code="b">Abes</subfield>
    <subfield code="c">20160205</subfield>
    <subfield code="g">AFNOR</subfield>
  </datafield>
  <datafield tag="810" ind1=" " ind2=" ">
    <subfield code="a">Internet, http://corc.oclc.org, 2001-08-14</subfield>
  </datafield>
  <datafield tag="810" ind1=" " ind2=" ">
    <subfield code="a">GLE</subfield>
  </datafield>
  <datafield tag="915" ind1=" " ind2=" ">
    <subfield code="a">Bolsena, Lac de (Italie)</subfield>
  </datafield>
  <datafield tag="916" ind1=" " ind2=" ">
    <subfield code="a">Lacus volsiniensis (Italie)</subfield>
  </datafield>
  <datafield tag="916" ind1=" " ind2=" ">
    <subfield code="a">Volsiniensis, Lacus (Italie)</subfield>
  </datafield>
</record>