


<record>
  <leader>     cx  c22     3  45  </leader>
  <controlfield tag="001">068949952</controlfield>
  <controlfield tag="003">http://www.idref.fr/068949952</controlfield>
  <controlfield tag="004">20021126</controlfield>
  <controlfield tag="005">20160718112126.000</controlfield>
  <controlfield tag="006">751025206</controlfield>
  <controlfield tag="007">993012301</controlfield>
  <controlfield tag="008">Tg5</controlfield>
  <datafield tag="100" ind1=" " ind2=" ">
    <subfield code="a">20021126afrey50      ba0</subfield>
  </datafield>
  <datafield tag="102" ind1=" " ind2=" ">
    <subfield code="a">EG</subfield>
  </datafield>
  <datafield tag="106" ind1=" " ind2=" ">
    <subfield code="a">2</subfield>
    <subfield code="b">0</subfield>
    <subfield code="c">0</subfield>
  </datafield>
  <datafield tag="123" ind1=" " ind2=" ">
    <subfield code="q">32.543384</subfield>
    <subfield code="r">32.544982</subfield>
    <subfield code="s">25.621750</subfield>
    <subfield code="t">25.623212</subfield>
  </datafield>
  <datafield tag="152" ind1=" " ind2=" ">
    <subfield code="b">rameau</subfield>
  </datafield>
  <datafield tag="215" ind1=" " ind2=" ">
    <subfield code="7">ba0yba0y</subfield>
    <subfield code="9">0</subfield>
    <subfield code="a">Armant (Égypte ; ville ancienne)</subfield>
  </datafield>
  <datafield tag="356" ind1=" " ind2=" ">
    <subfield code="7">ba0yba0y</subfield>
    <subfield code="a">Ville ancienne de Haute-Egypte près de Thèbes (à 20 kilometres au sud de Luxor) sur la rive ouest du Nil, fait partie du gouvernorat de Qena.</subfield>
  </datafield>
  <datafield tag="415" ind1=" " ind2=" ">
    <subfield code="7">ba0yba0y</subfield>
    <subfield code="9">#</subfield>
    <subfield code="a">(أرمنت (مصر؛ مدينة قديمة</subfield>
  </datafield>
  <datafield tag="415" ind1=" " ind2=" ">
    <subfield code="7">ba0yba0y</subfield>
    <subfield code="9">#</subfield>
    <subfield code="a">Hermonthis (Égypte ; ville ancienne)</subfield>
  </datafield>
  <datafield tag="415" ind1=" " ind2=" ">
    <subfield code="7">ba0yba0y</subfield>
    <subfield code="9">#</subfield>
    <subfield code="a">Hermunthus (Égypte ; ville ancienne)</subfield>
  </datafield>
  <datafield tag="415" ind1=" " ind2=" ">
    <subfield code="7">ba0yba0y</subfield>
    <subfield code="9">#</subfield>
    <subfield code="a">Hermuntis (Égypte ; ville ancienne)</subfield>
  </datafield>
  <datafield tag="415" ind1=" " ind2=" ">
    <subfield code="7">ba0yba0y</subfield>
    <subfield code="9">#</subfield>
    <subfield code="a">Ermant  (Égypte ; ville ancienne)</subfield>
  </datafield>
  <datafield tag="415" ind1=" " ind2=" ">
    <subfield code="7">ba0yba0y</subfield>
    <subfield code="9">#</subfield>
    <subfield code="a">Arment  (Égypte ; ville ancienne)</subfield>
  </datafield>
  <datafield tag="415" ind1=" " ind2=" ">
    <subfield code="7">ba0yba0y</subfield>
    <subfield code="9">#</subfield>
    <subfield code="a">Έρμωνθις (Αίγυπτος, παλια πολη)</subfield>
  </datafield>
  <datafield tag="415" ind1=" " ind2=" ">
    <subfield code="7">ba0yba0y</subfield>
    <subfield code="9">#</subfield>
    <subfield code="a">Έρμονθις (Αίγυπτος, παλια πολη)</subfield>
  </datafield>
  <datafield tag="415" ind1=" " ind2=" ">
    <subfield code="7">ba0yba0y</subfield>
    <subfield code="9">#</subfield>
    <subfield code="a">Έρεσβυθος (Αίγυπτος, παλια πολη)</subfield>
  </datafield>
  <datafield tag="515" ind1=" " ind2=" ">
    <subfield code="3">027232980</subfield>
    <subfield code="5">g|xxx</subfield>
    <subfield code="7">ba0yba0y</subfield>
    <subfield code="a">Égypte</subfield>
    <subfield code="x">Antiquités</subfield>
  </datafield>
  <datafield tag="686" ind1=" " ind2=" ">
    <subfield code="a">ArchéoRef</subfield>
    <subfield code="2">IFAO</subfield>
  </datafield>
  <datafield tag="801" ind1=" " ind2="3">
    <subfield code="a">FR</subfield>
    <subfield code="b">Abes</subfield>
    <subfield code="c">20160718</subfield>
    <subfield code="g">AFNOR</subfield>
  </datafield>
  <datafield tag="810" ind1=" " ind2=" ">
    <subfield code="a">Armant dal I Periodo intermedio alla fine del Nuovo regno : prosopografia / Marilina Betrò. -Pisa : ETS, 2001</subfield>
  </datafield>
  <datafield tag="810" ind1=" " ind2=" ">
    <subfield code="a">www.ifao.egnet.net/archeologie/ermant/, le 2014-12-13</subfield>
    <subfield code="b">IFAO</subfield>
  </datafield>
  <datafield tag="915" ind1=" " ind2=" ">
    <subfield code="a">Armant (Égypte ; ville ancienne)</subfield>
  </datafield>
  <datafield tag="916" ind1=" " ind2=" ">
    <subfield code="a">(أرمنت (مصر؛ مدينة قديمة</subfield>
  </datafield>
  <datafield tag="916" ind1=" " ind2=" ">
    <subfield code="a">Hermonthis (Égypte ; ville ancienne)</subfield>
  </datafield>
  <datafield tag="916" ind1=" " ind2=" ">
    <subfield code="a">Hermunthus (Égypte ; ville ancienne)</subfield>
  </datafield>
  <datafield tag="916" ind1=" " ind2=" ">
    <subfield code="a">Hermuntis (Égypte ; ville ancienne)</subfield>
  </datafield>
  <datafield tag="916" ind1=" " ind2=" ">
    <subfield code="a">Ermant  (Égypte ; ville ancienne)</subfield>
  </datafield>
  <datafield tag="916" ind1=" " ind2=" ">
    <subfield code="a">Arment  (Égypte ; ville ancienne)</subfield>
  </datafield>
  <datafield tag="916" ind1=" " ind2=" ">
    <subfield code="a">Έρμωνθις (Αίγυπτος, παλια πολη)</subfield>
  </datafield>
  <datafield tag="916" ind1=" " ind2=" ">
    <subfield code="a">Έρμονθις (Αίγυπτος, παλια πολη)</subfield>
  </datafield>
  <datafield tag="916" ind1=" " ind2=" ">
    <subfield code="a">Έρεσβυθος (Αίγυπτος, παλια πολη)</subfield>
  </datafield>
</record>