


<record>
  <leader>     cx  c22     3  45  </leader>
  <controlfield tag="001">08696903X</controlfield>
  <controlfield tag="003">http://www.idref.fr/08696903X</controlfield>
  <controlfield tag="004">20050511</controlfield>
  <controlfield tag="005">20160125104406.000</controlfield>
  <controlfield tag="006">751025206</controlfield>
  <controlfield tag="007">991272301</controlfield>
  <controlfield tag="008">Tg5</controlfield>
  <datafield tag="100" ind1=" " ind2=" ">
    <subfield code="a">20050511afrey50      ba0</subfield>
  </datafield>
  <datafield tag="106" ind1=" " ind2=" ">
    <subfield code="a">0</subfield>
    <subfield code="b">0</subfield>
    <subfield code="c">0</subfield>
  </datafield>
  <datafield tag="123" ind1=" " ind2=" ">
    <subfield code="d">e0102732</subfield>
    <subfield code="e">e0102732</subfield>
    <subfield code="f">n0362507</subfield>
    <subfield code="g">n0362507</subfield>
    <subfield code="q">10.459059</subfield>
    <subfield code="r">10.459059</subfield>
    <subfield code="s">36.418789</subfield>
    <subfield code="t">36.418789</subfield>
  </datafield>
  <datafield tag="152" ind1=" " ind2=" ">
    <subfield code="b">rameau</subfield>
  </datafield>
  <datafield tag="215" ind1=" " ind2=" ">
    <subfield code="7">ba0yba0y</subfield>
    <subfield code="9">1</subfield>
    <subfield code="a">Sidi Jdidi (Tunisie ; site archéologique)</subfield>
  </datafield>
  <datafield tag="356" ind1=" " ind2=" ">
    <subfield code="7">ba0yba0y</subfield>
    <subfield code="a">Note sur la géolocalisation : référence cartographique : Google Earth ; précision : point central</subfield>
  </datafield>
  <datafield tag="550" ind1=" " ind2=" ">
    <subfield code="3">033699593</subfield>
    <subfield code="5">g|xxx</subfield>
    <subfield code="7">ba0yba0y</subfield>
    <subfield code="a">Basiliques</subfield>
    <subfield code="y">Tunisie</subfield>
  </datafield>
  <datafield tag="686" ind1=" " ind2=" ">
    <subfield code="a">ArchéoRef</subfield>
    <subfield code="2">EFR</subfield>
  </datafield>
  <datafield tag="801" ind1=" " ind2="3">
    <subfield code="a">FR</subfield>
    <subfield code="b">Abes</subfield>
    <subfield code="c">20160125</subfield>
    <subfield code="g">AFNOR</subfield>
  </datafield>
  <datafield tag="810" ind1=" " ind2=" ">
    <subfield code="a">Sidi Jdidi. I, La basilique sud / par Ai͏̈cha Ben Abed-Ben Khader, Michel Fixot, Michel Bonifay...[et al.].- Rome : Ecole française de Rome, 2004</subfield>
  </datafield>
  <datafield tag="915" ind1=" " ind2=" ">
    <subfield code="a">Sidi Jdidi (Tunisie ; site archéologique)</subfield>
  </datafield>
</record>