


<record>
  <leader>     cx  c22     3  45  </leader>
  <controlfield tag="001">11729229X</controlfield>
  <controlfield tag="003">http://www.idref.fr/11729229X</controlfield>
  <controlfield tag="004">20070905</controlfield>
  <controlfield tag="005">20190221162422.000</controlfield>
  <controlfield tag="006">751132304</controlfield>
  <controlfield tag="007">751132304</controlfield>
  <controlfield tag="008">Tg5</controlfield>
  <datafield tag="100" ind1=" " ind2=" ">
    <subfield code="a">20070905afrey50      ba0</subfield>
  </datafield>
  <datafield tag="106" ind1=" " ind2=" ">
    <subfield code="a">0</subfield>
    <subfield code="b">0</subfield>
    <subfield code="c">0</subfield>
  </datafield>
  <datafield tag="152" ind1=" " ind2=" ">
    <subfield code="b">rameau</subfield>
  </datafield>
  <datafield tag="215" ind1=" " ind2=" ">
    <subfield code="7">ba0yba0y</subfield>
    <subfield code="9">1</subfield>
    <subfield code="a">Bloemfontein (Afrique du Sud)</subfield>
  </datafield>
  <datafield tag="801" ind1=" " ind2="3">
    <subfield code="a">FR</subfield>
    <subfield code="b">Abes</subfield>
    <subfield code="c">20190221</subfield>
    <subfield code="g">AFNOR</subfield>
  </datafield>
  <datafield tag="810" ind1=" " ind2=" ">
    <subfield code="a">South Africa / production Feizal Abrahams and Lucian Packies, 2004</subfield>
  </datafield>
  <datafield tag="898" ind1=" " ind2=" ">
    <subfield code="a">Réforme Rameau janvier 2019 Tg devenant subdivision</subfield>
    <subfield code="d">20190221</subfield>
  </datafield>
  <datafield tag="915" ind1=" " ind2=" ">
    <subfield code="a">Bloemfontein (Afrique du Sud)</subfield>
  </datafield>
</record>