


<record>
  <leader>     cx  c22     3  45  </leader>
  <controlfield tag="001">120924927</controlfield>
  <controlfield tag="003">http://www.idref.fr/120924927</controlfield>
  <controlfield tag="004">20080128</controlfield>
  <controlfield tag="005">20190221162215.000</controlfield>
  <controlfield tag="006">751065210</controlfield>
  <controlfield tag="007">751065210</controlfield>
  <controlfield tag="008">Tg5</controlfield>
  <datafield tag="100" ind1=" " ind2=" ">
    <subfield code="a">20080128afrey50      ba0</subfield>
  </datafield>
  <datafield tag="106" ind1=" " ind2=" ">
    <subfield code="a">0</subfield>
    <subfield code="b">0</subfield>
    <subfield code="c">0</subfield>
  </datafield>
  <datafield tag="152" ind1=" " ind2=" ">
    <subfield code="b">rameau</subfield>
  </datafield>
  <datafield tag="215" ind1=" " ind2=" ">
    <subfield code="7">ba0yba0y</subfield>
    <subfield code="9">1</subfield>
    <subfield code="a">Givet (Ardennes)</subfield>
  </datafield>
  <datafield tag="515" ind1=" " ind2=" ">
    <subfield code="7">ba0yba0y</subfield>
    <subfield code="a">La pointe de Givet</subfield>
  </datafield>
  <datafield tag="801" ind1=" " ind2="3">
    <subfield code="a">FR</subfield>
    <subfield code="b">Abes</subfield>
    <subfield code="c">20190221</subfield>
    <subfield code="g">AFNOR</subfield>
  </datafield>
  <datafield tag="898" ind1=" " ind2=" ">
    <subfield code="a">Réforme Rameau janvier 2019 Tg devenant subdivision</subfield>
    <subfield code="d">20190221</subfield>
  </datafield>
  <datafield tag="915" ind1=" " ind2=" ">
    <subfield code="a">Givet (Ardennes)</subfield>
  </datafield>
</record>