


<record>
  <leader>     cx  c22     3  45  </leader>
  <controlfield tag="001">151786771</controlfield>
  <controlfield tag="003">http://www.idref.fr/151786771</controlfield>
  <controlfield tag="004">20110421</controlfield>
  <controlfield tag="005">20190307142519.000</controlfield>
  <controlfield tag="006">751050019</controlfield>
  <controlfield tag="007">751055228</controlfield>
  <controlfield tag="008">Tg5</controlfield>
  <datafield tag="033" ind1=" " ind2=" ">
    <subfield code="a">http://catalogue.bnf.fr/ark:/12148/cb15280345n</subfield>
    <subfield code="2">BNF</subfield>
    <subfield code="d">20160115</subfield>
  </datafield>
  <datafield tag="035" ind1=" " ind2=" ">
    <subfield code="a">FRBNF15280345</subfield>
  </datafield>
  <datafield tag="035" ind1=" " ind2=" ">
    <subfield code="a">FRBNF152803453</subfield>
    <subfield code="z">FRBNF15280345</subfield>
  </datafield>
  <datafield tag="100" ind1=" " ind2=" ">
    <subfield code="a">20110421afrey50      ba0</subfield>
  </datafield>
  <datafield tag="106" ind1=" " ind2=" ">
    <subfield code="a">0</subfield>
    <subfield code="b">0</subfield>
    <subfield code="c">1</subfield>
  </datafield>
  <datafield tag="152" ind1=" " ind2=" ">
    <subfield code="b">rameau</subfield>
  </datafield>
  <datafield tag="215" ind1=" " ind2=" ">
    <subfield code="7">ba0yba0y</subfield>
    <subfield code="a">Nogent-sur-Marne (Val-de-Marne)</subfield>
  </datafield>
  <datafield tag="801" ind1=" " ind2="3">
    <subfield code="a">FR</subfield>
    <subfield code="b">Abes</subfield>
    <subfield code="c">20190307</subfield>
    <subfield code="g">AFNOR</subfield>
  </datafield>
  <datafield tag="810" ind1=" " ind2=" ">
    <subfield code="a">http://catalogue.bnf.fr/ark:/12148/cb15280345n/PUBLIC</subfield>
  </datafield>
  <datafield tag="898" ind1=" " ind2=" ">
    <subfield code="a">Réforme Rameau janvier 2019 Tg devenant subdivision</subfield>
    <subfield code="d">20190220</subfield>
  </datafield>
  <datafield tag="915" ind1=" " ind2=" ">
    <subfield code="a">Nogent-sur-Marne (Val-de-Marne)</subfield>
  </datafield>
</record>