


<record>
  <leader>     nx  c22     3  45  </leader>
  <controlfield tag="001">197364012</controlfield>
  <controlfield tag="003">http://www.idref.fr/197364012</controlfield>
  <controlfield tag="004">20170103</controlfield>
  <controlfield tag="005">20170103122021.000</controlfield>
  <controlfield tag="006">751052342</controlfield>
  <controlfield tag="007">751052342</controlfield>
  <controlfield tag="008">Tg5</controlfield>
  <datafield tag="100" ind1=" " ind2=" ">
    <subfield code="a">20170103afrey50      ba0</subfield>
  </datafield>
  <datafield tag="106" ind1=" " ind2=" ">
    <subfield code="a">0</subfield>
    <subfield code="b">0</subfield>
    <subfield code="c">0</subfield>
  </datafield>
  <datafield tag="152" ind1=" " ind2=" ">
    <subfield code="b">rameau</subfield>
  </datafield>
  <datafield tag="215" ind1=" " ind2=" ">
    <subfield code="7">ba0yba0y</subfield>
    <subfield code="9">0</subfield>
    <subfield code="a">Pérouse (Italie)</subfield>
  </datafield>
  <datafield tag="801" ind1=" " ind2="3">
    <subfield code="a">FR</subfield>
    <subfield code="b">Abes</subfield>
    <subfield code="c">20170103</subfield>
    <subfield code="g">AFNOR</subfield>
  </datafield>
  <datafield tag="810" ind1=" " ind2=" ">
    <subfield code="a">Il tempo avaro ogni cosa fracassa / Mario Monaldi ; a cura di Rita Staccini, cop. 2012</subfield>
  </datafield>
  <datafield tag="915" ind1=" " ind2=" ">
    <subfield code="a">Pérouse (Italie)</subfield>
  </datafield>
</record>