


<record>
  <leader>     nx  c22     3  45  </leader>
  <controlfield tag="001">201593386</controlfield>
  <controlfield tag="003">http://www.idref.fr/201593386</controlfield>
  <controlfield tag="004">20170603</controlfield>
  <controlfield tag="005">20170603124015.000</controlfield>
  <controlfield tag="006">751052101</controlfield>
  <controlfield tag="007">751052101</controlfield>
  <controlfield tag="008">Tg5</controlfield>
  <datafield tag="100" ind1=" " ind2=" ">
    <subfield code="a">20170603afrey50      ba0</subfield>
  </datafield>
  <datafield tag="101" ind1=" " ind2=" ">
    <subfield code="a">eng</subfield>
  </datafield>
  <datafield tag="102" ind1=" " ind2=" ">
    <subfield code="a">US</subfield>
  </datafield>
  <datafield tag="106" ind1=" " ind2=" ">
    <subfield code="a">2</subfield>
    <subfield code="b">0</subfield>
    <subfield code="c">0</subfield>
  </datafield>
  <datafield tag="123" ind1=" " ind2=" ">
    <subfield code="d">w1182401</subfield>
    <subfield code="e">w1182401</subfield>
    <subfield code="f">n0340425</subfield>
    <subfield code="g">n0340425</subfield>
  </datafield>
  <datafield tag="152" ind1=" " ind2=" ">
    <subfield code="b">rameau</subfield>
  </datafield>
  <datafield tag="215" ind1=" " ind2=" ">
    <subfield code="7">ba0yba0y</subfield>
    <subfield code="8">freeng</subfield>
    <subfield code="9">1</subfield>
    <subfield code="a">Beverly Hills (Calif.)</subfield>
  </datafield>
  <datafield tag="801" ind1=" " ind2="3">
    <subfield code="a">FR</subfield>
    <subfield code="b">Abes</subfield>
    <subfield code="c">20170603</subfield>
    <subfield code="g">AFNOR</subfield>
  </datafield>
  <datafield tag="810" ind1=" " ind2=" ">
    <subfield code="a">http://www.geonames.org/, 2017-06-03</subfield>
    <subfield code="b">coordonnées géographiques</subfield>
  </datafield>
  <datafield tag="915" ind1=" " ind2=" ">
    <subfield code="a">Beverly Hills (Calif.)</subfield>
  </datafield>
</record>